3469 5063
1795 498 1889 582 38

800 699 988 774 illico
1026 698 1321 794 assequi
1366 724 1512 772 non
1547 713 1863 794 poterat,
1891 700 1989 771 ad
2017 697 2375 793 promissa
2402 697 2783 772 descendit
2806 695 2879 793 1).

805 838 988 911 Cum
1043 863 1239 910 anno
1301 843 1445 910 266
1486 837 1870 933 Syriacum
1898 838 2169 909 bellurn
2199 836 2510 930 primum
2541 838 2878 909 exardes-

804 992 1007 1049 ceret
1084 976 1269 1049 inter
1347 974 1793 1048 Antiochum
1875 976 1905 1046 I
1989 974 2456 1072 (281—261)
2520 995 2596 1047 et
2639 962 2878 1047 Ptole-

805 1139 1095 1187 maeum
1179 1115 1242 1184 ΙΙ
1322 1087 1871 1209 Philadelphum
1957 1120 2085 1208 (28
2097 1118 2467 1206 5—246),
2550 1113 2714 1186 huic
2796 1138 2878 1186 se

803 1252 1125 1325 adiunxit
1176 1251 1493 1336 socium,
1567 1254 1771 1347 quod
1825 1252 2295 1324 Ptolemaeus
2349 1253 2488 1324 hoc
2543 1265 2876 1347 tempore

801 1391 1135 1486 superior
1188 1404 1385 1462 esset
1438 1410 1512 1462 et
1564 1386 1844 1484 ingenti
1898 1389 2132 1462 classe
2189 1415 2335 1462 non
2386 1392 2606 1489 modo
2644 1404 2876 1462 toturn

806 1528 1030 1602 Asiae
1086 1528 1383 1602 Minoris
1436 1528 1636 1602 littus
1692 1527 2103 1613 obsideret,
2159 1554 2417 1600 verum
2481 1528 2694 1600 etiam
2742 1530 2878 1600 has

803 1666 1147 1761 regiones
1204 1666 1575 1740 Antiocho
1633 1667 1917 1761 eripere
1972 1667 2319 1738 studeret.
2860 1645 2863 1649 ⁴

904 1805 1304 1877 Verisimile
1351 1787 1499 1888 est,
1530 1805 2018 1877 Philetaerum
2047 1805 2190 1877 hoc
2220 1804 2648 1900 praesertim
2680 1805 2875 1877 bello

803 1945 987 2016 fines
1005 1968 1302 2016 suarum
1318 1942 1704 2037 regionum
1727 1942 2080 2015 Antiochi
2097 1942 2446 2038 impensis
2465 1942 2875 2050 protulisse.

907 2080 1051 2171 Qui
1127 2080 1436 2174 imperii,
1521 2097 1854 2176 tempore
1911 2080 2332 2166 Philetaeri,
2390 2083 2574 2154 fines
2630 2095 2875 2155 essent

803 2219 1201 2305 nescimus;
1259 2245 1351 2292 ex
1402 2219 1866 2315 inscriptione
1923 2221 2393 2315 Pergamena
2450 2218 2549 2291 n⁰.
2594 2245 2675 2310 13
2714 2222 2874 2295 sola

801 2357 1140 2430 conicere
1220 2383 1649 2453 possumuS,
1730 2359 1803 2431 id
1883 2359 2022 2431 iam
2106 2384 2307 2431 mare
2380 2358 2750 2453 attigisse,
2805 2358 2872 2429 in

800 2522 950 2592 qua
1021 2497 1484 2593 inscriptione
1559 2500 1937 2592 (ponenda
2011 2511 2123 2571 est
2187 2497 2384 2570 initio
2442 2496 2791 2571 Eumenis
2847 2498 2875 2568 I

802 2635 1046 2732 regni)
1121 2638 1350 2708 duces
1432 2636 2045 2708 mercenariorum
2112 2636 2491 2709 rebellium
2549 2635 2669 2732 (de
2726 2660 2873 2728 qua

801 2773 1196 2846 rebellione
1277 2773 1460 2846 infra
1549 2799 1616 2869 p.
1707 2797 1795 2867 55
1884 2774 2316 2871 videbimus)
2398 2774 2508 2847 ius
2596 2773 2871 2856 iurant,

800 2913 988 2985 sive·
1037 2915 1294 2986 urbem
1317 2971 1333 2998 ‚
1415 2915 1571 2999 sive
1654 2916 2076 3001 castellum,
2158 2915 2310 2988 sive
2394 2941 2642 3000 naveS,
2724 2913 2874 2987 sive

802 3052 1184 3148 pecuniam
1253 3055 1424 3127 fidei
1499 3056 1968 3129 commissam
2044 3055 2354 3129 Eumeni
2409 3081 2489 3130 se
2546 3078 2875 3127 asserva-

743 3173 748 3177 *
802 3207 1007 3264 turos
1063 3218 1224 3266 esse
1253 3191 1323 3291 2).
1383 3193 1751 3289 Sequitur,
1810 3209 1888 3267 ut
1940 3195 2081 3266 iarn
2137 3196 2279 3266 hoc
2334 3209 2666 3289 ternpore
2705 3194 2875 3264 Per-

799 3330 1101 3423 gameni
1154 3332 1464 3403 classem
1522 3332 1919 3416 haberent,
1959 3356 2152 3426 quae
2183 3332 2457 3402 Elaeae
2488 3328 2870 3402 stationem

802 3468 1144 3553 haberet,
1227 3469 1427 3562 quod
1511 3470 1861 3563 oppidum
1939 3493 1984 3538 a
2040 3468 2460 3540 STRABONE
2485 3462 2536 3560 3)
2620 3464 2874 3535 dicitur

864 3713 898 3770 1>
931 3715 1145 3759 STRABO
1190 3714 1244 3759 C.
1286 3729 1332 3771 p.
1367 3717 1484 3773 623:
1535 3704 1956 3775 ,πολιτευόμενος
1998 3694 2068 3756 δι’
2099 3702 2430 3774 ὑποσχεσέων
2474 3706 2559 3755 καὶ
2595 3708 2684 3761 τῆς
2716 3698 2875 3761 ἄλλης

799 3801 1082 3868 ,θεραπείας
1115 3800 1193 3852 ἀεὶ
1237 3797 1360 3871 πρὸς
1400 3797 1486 3853 τὸν
1534 3801 1787 3873 ἰσχύοντα
1829 3799 1914 3853 καὶ
1959 3798 2110 3871 ἔγγυς
2154 3792 2449 3870 παρόντα.”

864 3905 898 3963 ²)
933 3907 1031 3950 Die
1062 3906 1210 3965 Perg.
1243 3908 1427 3952 Insclzr.
1463 3907 1517 3951 n⁰
1552 3923 1607 3965 13
1641 3922 1682 3953 v.
1717 3923 1793 3966 37.

863 4003 898 4061 ³)
931 4002 1145 4048 STRABo
1195 4004 1250 4049 C.
1295 4018 1341 4061 p.
1376 4006 1494 4062 615:
1537 3984 1765 4052 ,,Ἐλαία
1810 3992 1954 4054 πόλις
2000 3994 2207 4051 Αἱολικὴ
2243 3996 2330 4046 καὶ
2361 3995 2489 4051 αὕτη
2530 4001 2875 4066 Περγαμηνῶν
2936 4027 2941 4034 ·

799 4082 1071 4156 ἐπίνειον”;
1095 4101 1311 4146 STRABO
1336 4101 1391 4147 C.
1414 4115 1461 4158 p.
1485 4103 1591 4147 622:
1625 4092 1730 4157 „sig
1759 4089 1991 4151 Ἐλαίαν,
2027 4091 2203 4162 λιμένα
2235 4090 2459 4163 ἔχουσαν
2491 4091 2577 4144 καὶ
2607 4092 2848 4143 vocuo-w&

801 4208 894 4259 μον
939 4194 1038 4237 τῶν
1081 4179 1397 4240 Ἀτταλικών
1442 4180 1767 4259 βασιλέων.”
