3469 5063
1662 456 1843 521 ·28

760 658 995 731 cleam
1088 656 1465 753 attulerat)
1559 656 1851 738 inierat,
1938 656 2231 728 diremit
2312 670 2386 729 et
2463 657 2832 729 secundas

760 795 1054 890 nuptias
1125 795 1299 867 fecit
1367 820 1538 867 cum
1611 796 1973 888 Arsinoe,
2047 794 2457 868 Ptolemaei
2511 795 2704 890 Lagi
2760 809 2835 865 et

763 915 1154 989 Berenices
1236 915 1379 989 filia
1406 912 1498 1012 1),
1579 917 1783 1011 quod
1866 916 2443 1017 matrimonium,
2510 931 2589 988 ut
2652 916 2835 989 infra

760 1055 1212 1139 videbimuS,
1271 1079 1499 1128 causa
1554 1056 1810 1127 mortis
1864 1079 2045 1128 suae
2099 1055 2248 1127 fuit.
2279 1099 2377 1107 -
2410 1054 2636 1127 Anno
2691 1061 2833 1127 286

761 1219 823 1267 a.
901 1193 1065 1266 Chr.
1140 1207 1282 1267 nat.
1359 1194 1848 1290 Lysimachus
1929 1194 2235 1288 expulso
2317 1194 2599 1289 Pyrrho
2621 1251 2637 1280 ‚
2711 1195 2836 1289 qui

763 1359 1019 1428 regem
1049 1358 1129 1406 se
1158 1333 1757 1429 proclamaverat
1781 1330 1854 1430 2),
1886 1333 2408 1405 Macedoniam
2440 1306 2841 1428 occupavit

761 1497 1080 1567 eamque
1119 1471 1433 1550 obtinuit
1466 1495 1702 1566 usque
1740 1472 1837 1542 ad
1876 1485 2188 1544 mortem
2215 1465 2286 1566 3).
2346 1471 2514 1563 Quo
2563 1471 2839 1545 factum

764 1625 912 1695 est,
996 1620 1077 1683 ut
1157 1610 1444 1696 omnia,
1526 1635 1719 1705 quae
1804 1610 2182 1704 Philippus
2263 1625 2339 1682 et
2411 1611 2843 1683 Alexander

698 1722 699 1725 Ἴ
766 1774 1082 1845 magnus
1148 1750 1216 1821 in
1276 1750 1578 1844 Europa
1631 1750 2081 1834 habuerant,
2155 1763 2468 1843 excepta
2524 1749 2842 1822 Graecia

764 1912 911 1960 una
968 1912 1138 1960 cum
1195 1887 1382 1960 Asia
1437 1888 1726 1959 Minore
1783 1888 1888 1959 cis
1939 1888 2268 1959 Taurum
2325 1889 2464 1960 sub
2521 1902 2843 1983 potesta-

765 2039 915 2098 tem
972 2026 1397 2127 Lysimachi
1435 2026 1788 2098 venirent.
1843 2026 2250 2111 Arsinoen,
2309 2051 2479 2099 cum
2522 2028 2842 2113 timeret,

767 2190 859 2236 ne
941 2165 1053 2237 sui
1127 2165 1287 2250 filii,
1350 2178 1660 2238 ,mortuo
1728 2165 2180 2260 Lysimacho
2249 2166 2324 2237 in
2399 2166 2845 2262 Agathoclis

767 2317 1137 2397 potestate
1211 2318 1496 2395 essent,
1569 2304 1663 2376 de
1739 2302 2179 2397 Agathoclis
2248 2306 2483 2377 caede
2539 2305 2843 2377 consilia

770 2441 1009 2515 iniisse
1067 2443 1325 2515 ferunt.
1412 2442 1601 2515 Sunt
1626 2438 1678 2539 4)
1736 2441 1859 2538 qui
1913 2441 2379 2523 tradiderint,
2437 2442 2837 2533 Arsinoen,

769 2581 1210 2677 Agathoclis
1290 2606 1547 2653 amore
1630 2594 1955 2674 captam,
2036 2605 2206 2654 cum
2288 2582 2839 2654 adolescentem

763 2698 1123 2815 (alterum.
1169 2719 1692 2815 Hippolytum)
1750 2719 1846 2790 ad
1900 2733 2236 2813 stuprum
2290 2720 2638 2814 pellicere
2694 2744 2840 2791 non

769 2857 1166 2951 potuisset,
1228 2883 1396 2930 eum
1452 2881 1586 2952 per
1637 2855 1928 2930 insidias
1995 2859 2088 2930 de
2147 2857 2390 2931 medio
2445 2858 2841 2968 sustulisse.

773 2996 949 3067 Non
1010 2997 1216 3070 multi
1270 2995 1542 3069 laboris
1596 3011 1794 3079 erat,
1849 2995 2328 3093 Lysimacho,
2387 2995 2543 3071 seni
2595 2997 2847 3068 decre-

771 3136 927 3230 pito
984 3149 1060 3207 et
1112 3135 1557 3231 suspicioso,
1592 3136 2082 3230 persuadere,
2126 3135 2349 3209 filium
2388 3135 2618 3230 patris
2652 3134 2847 3207 vitae

834 3387 868 3445 1)
900 3388 1058 3431 PAUS.
1093 3388 1140 3438 Ι,
1191 3401 1273 3436 10.
1321 3399 1376 3444 33
1427 3387 1587 3430 PLUT.
1636 3387 1916 3430 Demetrius
1958 3399 2044 3443 313
2096 3387 2348 3430 MEMNON
2384 3385 2474 3443 (Cf.
2509 3387 2739 3429 MiiLLsR
2770 3386 2843 3440 fr.

774 3468 837 3511 H.
881 3467 935 3511 G.
970 3468 1126 3524 111,p.
1153 3465 1260 3525 530)
1282 3467 1404 3511 falso
1426 3467 1562 3516 dicit,
1585 3465 1850 3510 Arsinoen:
1885 3473 2193 3542 ’,θυγατέρα
2225 3470 2543 3542 Πτολεμαίου
2571 3475 2664 3523 τοῦ
2695 3471 2846 3526 (mh,

774 3560 1018 3641 ὃέλφου”;
1055 3581 1311 3638 legendum
1342 3586 1414 3624 est
1445 3592 1533 3636 pro
1567 3569 1869 3638 θυγατέραῑ
1914 3566 2161 3638 ἀδελφὴν.
2219 3579 2538 3636 Agathocles,
2573 3579 2846 3640 Lysimachi

775 3677 925 3728 filius,
987 3677 1135 3722 filiam
1186 3677 1445 3721 Ptolemaei
1492 3682 1538 3720 et
1589 3675 1846 3731 Eurydices
1898 3676 2199 3731 Lysandram
2248 3688 2446 3720 uxorem
2494 3676 2694 3720 duxerat
2756 3676 2847 3736 (Cf.

775 3774 933 3819 PAUS.
970 3775 1015 3825 Ι,
1050 3789 1105 3831 9,
1139 3774 1197 3832 7).

837 3871 873 3929 ²)
905 3871 1067 3917 PLUT.
1102 3871 1330 3927 Pyrrhus
1366 3885 1436 3916 11.

838 3969 874 4027 ³)
906 3970 1064 4014 PAUS.
1098 3969 1144 4018 Ι,
1191 3981 1273 4020 10,
1307 3981 1360 4025 23
1405 3967 1611 4029 Jus'rm.
1646 3967 1784 4017 XVI,
1820 3979 1875 4023 33
1920 3966 2192 4012 PoRPnYR.
2226 3967 2354 4013 TYR.
2387 3967 2478 4026 (Cf.
2512 3969 2743 4013 MiiLLER
2772 3975 2848 4017 [ν.

780 4068 835 4112 H.
877 4067 931 4112 G.
964 4067 1049 4119 111,
1084 4081 1132 4124 p.
1167 4066 1290 4124 695).

840 4165 874 4224 ¹·)
909 4167 1067 4211 PAUS.
1099 4166 1145 4217 1,
1182 4178 1267 4216 10,
1302 4179 1343 4222 3.
