3469 5063
33 4273 71 4800 ᾼΪ--Ψ-τῇᾼ
34 4213 35 4250 ψ

1624 491 1710 562 75

1565 728 1763 799 XVI.

740 963 1002 1059 Lysias
1067 987 1306 1056 neque
1362 961 1516 1055 ipse
1575 959 1982 1032 orationem
2036 960 2455 1043 funebrem,
2512 983 2705 1053 quae

631 1103 817 1174 inter
871 1101 1135 1196 Lysiae
1193 1125 1423 1195 opera
1477 1101 1705 1172 fertur
1733 1100 2097 1183 secunda,
2125 1100 2402 1171 habere
2432 1097 2705 1192 potuit,
2793 1116 2796 1123 ’

634 1265 874 1335 neque
929 1239 997 1310 in
1054 1260 1266 1312 usum
1322 1239 1639 1311 alienum
1693 1237 1998 1332 scripsit.

1558 1472 1783 1542 XVII.

738 1697 968 1770 Tacit.
1029 1697 1214 1770 Hist.
1268 1693 1347 1782 I,
1406 1702 1522 1786 67.

736 1837 944 1908 Mota
994 1860 1341 1929 „propere
1416 1849 1657 1907 castra
1677 1891 1693 1918 ‚
1768 1834 2037 1905 vastati
2110 1820 2311 1927 agri,
2381 1831 2705 1925 direptus

631 1975 860 2069 longa
915 1998 1103 2069 pace
1158 1973 1225 2044 in
1284 1974 1589 2045 modum‘
1643 1970 2009 2066 municipii
2055 1985 2429 2043 extructus
2456 1971 2700 2051 locus,

631 2137 946 2183 amoeno
1002 2112 1405 2184 salubrium
1463 2136 1826 2204 aquarum
1882 2135 2020 2183 usu
2075 2109 2436 2204 frequens.

735 2251 915 2320 Post
966 2249 1413 2321 vocabulum
1463 2274 1780 2320 amoeno
1826 2249 2292 2319 inserendum
2342 2262 2489 2335 est:
2536 2251 2686 2318 situ
2771 2274 2775 2278 ·

1537 2482 1798 2553 XVIII.

734 2709 957 2781 Tacit.
1015 2709 1283 2780 Annal.
1343 2708 1408 2794 I,
1473 2732 1585 2780 20.

737 2845 1027 2939 Quippe
1084 2846 1321 2918 Rufus
1376 2846 1500 2918 diu
1554 2810 2058 2940 manipulari&
2115 2847 2282 2918 dein
2343 2845 2665 2919 centurio
2689 2902 2705 2931 ‚

504 2971 509 2978 ⁴
632 3006 802 3053 mox
856 2982 1110 3055 castris
1163 2982 1586 3077 praefectus
1607 3039 1623 3066 ‚
1680 2982 2052 3077 antiquam
2091 2984 2497 3077 duramque
2528 2981 2705 3072 mili-

629 3119 803 3189 tiam
878 3121 1324 3206 revocabat,
1403 3131 1599 3191 vetus
1671 3120 1914 3214 operis
1987 3145 2074 3193 ac
2147 3119 2420 3191 laboris
2483 3133 2558 3191 et
2612 3145 2704 3191 eo

631 3255 999 3343 immitior,
1057 3258 1231 3353 quia
1284 3259 1754 3331 toleraverat.

734 3396 1173 3490 Legendum
1229 3410 1378 3469 est:
1454 3402 1745 3469 nimius.

1563 3631 1761 3702 XIX.

735 3832 960 3905 Tacit.
1019 3834 1285 3907 Annal.
1344 3838 1478 3924 IV,
1543 3859 1654 3927 71.

737 3969 889 4042 Sed
944 3970 1303 4067 mitigavit
1333 3972 1646 4047 Seianus
1667 4032 1683 4061 ,
1713 4001 1861 4047 non
1894 3975 2085 4048 Galli
2112 4000 2365 4048 amore
2389 4034 2404 4062 ‚
2444 4002 2702 4049 verum

630 4121 710 4179 ut
809 4114 1281 4182 cunctationes
1364 4116 1730 4207 principis
1829 4117 2320 4207 opperiretur,
2424 4139 2703 4209 gnarus
