3469 5063
1636 511 1723 576 23

642 693 892 789 coegit
945 695 1197 780 Iones,
1255 707 1335 765 ut
1387 694 1773 788 pactiones
1830 708 2122 766 mutuas
2157 694 2522 780 facerent,
2579 720 2717 767 nec

643 857 866 927 porro
894 832 966 904 vi
995 845 1070 904 et
1111 831 1330 904 armis
1365 830 1549 904 inter
1577 857 1656 905 se
1687 846 2020 927 agerent.
2080 831 2387 904 Tributa
2416 857 2716 928 quoque

642 970 727 1043 iis
779 969 1162 1065 imposuit,
1221 995 1414 1065 quae
1470 972 1569 1042 ab
1626 971 1749 1042 illo
1805 970 1957 1043 fere
1988 971 2252 1043 eadem
2292 971 2716 1044 conditione

642 1102 864 1203 atque
919 1107 1118 1203 prius
1172 1108 1464 1180 fuerant
1518 1109 1915 1182 constituta
1970 1123 2141 1183 sunt
2193 1107 2266 1206 1).

745 1248 1075 1321 Victoria
1182 1249 1384 1343 apud
1482 1250 1828 1345 Mycalen
1938 1251 2037 1321 ab
2146 1247 2719 1322 Atheniensibus

640 1399 1020 1480 reportata
1074 1410 1481 1481 eorumque
1529 1386 1865 1482 prosperi
1920 1411 2308 1461 successus
2354 1410 2590 1482 usque
2622 1388 2719 1458 ad

641 1548 974 1619 pugnam
1033 1526 1233 1620 apud
1289 1525 1924 1621 Eurymedontem
1980 1524 2225 1598 Ioniae
2281 1540 2355 1598 et
2403 1525 2718 1597 Aeoliae

644 1662 973 1736 civitates
1028 1689 1073 1736 a
1128 1665 1523 1737 Persarum
1567 1664 1946 1737 dominatu
1978 1663 2476 1738 liberaverunt
2497 1721 2512 1750 ‚
2542 1688 2718 1759 qua-

642 1827 797 1874 rum
855 1801 1083 1874 maior
1108 1827 1283 1897 pars
1312 1804 1409 1874 ad
1442 1803 2001 1877 Atheniensium
2031 1803 2492 1889 societatem,
2523 1826 2717 1896 quae

640 1940 939 2036 imperio
995 1941 1332 2037 populari
1385 1943 1718 2029 favebat,
1777 1954 2273 2019 accesserunt.

745 2080 1159 2153 Paucorum
1214 2079 1629 2154 dominatus
1684 2105 1729 2152 a
1785 2082 2213 2177 LysandrO,
2258 2105 2441 2175 rege
2483 2081 2688 2151 Lace

644 2218 1242 2304 daemoniorum,
1313 2218 1643 2305 instituti,
1699 2245 1794 2292 ex
1856 2245 2006 2313 quo
2072 2218 2562 2291 Athenienses
2624 2242 2718 2289 ex

645 2356 825 2429 Asia
927 2356 1211 2429 Minore
1307 2358 1718 2452 expulerat,
1813 2358 2185 2454 paulisper
2273 2369 2717 2429 manserunt.

641 2496 862 2568 Anno
938 2501 1082 2587 387
1151 2521 1217 2569 a.
1287 2495 1453 2570 Chr.
1510 2511 1654 2571 nat.
1712 2521 1902 2593 pace
1960 2495 2402 2570 Antalcidae
2459 2493 2718 2569 consti-

640 2647 798 2707 tuta
853 2635 1189 2708 civitates
1245 2634 1587 2711 Graecae
1642 2636 1711 2707 in
1770 2636 1953 2710 Asia
2009 2635 2293 2708 Minore
2348 2634 2530 2708 sitae
2577 2635 2718 2707 sub

640 2774 841 2869 regis
913 2773 1262 2848 ditionem
1332 2776 1708 2848 redierunt
1760 2773 1844 2872 ²),
1920 2777 1991 2848 in
2065 2800 2214 2871 qua
2297 2786 2719 2846 manserunt

642 2938 876 3007 usque
931 2913 1029 2984 ad
1082 2913 1480 3008 proelium,
1536 2937 1732 2986 anno
1795 2938 1940 3005 334
1983 2938 2047 2985 a.
2108 2913 2271 2986 Chr.
2321 2926 2465 2985 nat.
2516 2912 2720 3007 apud

641 3050 1041 3125 Granicum
1097 3054 1375 3124 flumen
1433 3052 1920 3125 commissum.

744 3191 1171 3268 Alexander
1235 3215 1552 3286 magnus
1607 3190 1880 3287 ubique
1936 3216 2342 3287 paucorum
2397 3188 2719 3263 domina-

637 3343 792 3404 tum
848 3329 1230 3425 abrogari,
1286 3329 1664 3425 imperium
1712 3331 2075 3425 populare
2120 3329 2386 3403 institui
2412 3328 2719 3424 patrias-

639 3495 783 3564 que
854 3470 1067 3565 leges
1142 3469 1426 3542 cunctis
1499 3469 1815 3556 restitui,
1880 3469 2151 3542 tributa
2206 3469 2464 3555 etiam,
2522 3492 2717 3563 quae

638 3609 940 3681 barbari
980 3608 1062 3682 iis
1097 3608 1639 3704 imposuerant,
1677 3608 1996 3681 rescindi
2021 3603 2077 3703 3)
2116 3607 2337 3682 iussit.
2412 3608 2718 3679 Menan-

640 3744 776 3815 dro
814 3748 912 3817 ab
942 3744 1374 3819 Alexandro
1407 3770 1688 3842 magno
1719 3746 2042 3841 satrapia
2062 3745 2344 3843 Lydiae
2366 3747 2718 3817 mandata

706 3991 738 4050 ¹)
774 3992 990 4038 Hauon.
1023 3994 1117 4046 VI,
1150 4009 1227 4052 42.

700 4091 736 4148 ²)
769 4091 1019 4136 XENOPH.
1054 4091 1187 4135 Hell.
1222 4092 1281 4143 V,
1319 4106 1371 4144 1,
1405 4107 1480 4151 31.
1547 4094 1776 4139 DIODOR.
1811 4094 1942 4146 XIV,
1979 4108 2080 4138 110.

701 4187 740 4246 ³)
770 4188 1087 4233 PLUTARCH.
1108 4187 1389 4233 Alexander
1409 4203 1483 4247 34.
1500 4190 1659 4235 DIOD.
1681 4191 1842 4242 XVII,
1869 4205 1944 4247 24.
1978 4191 2208 4235 ARRIAN.
2229 4190 2387 4235 Anah.
2411 4190 2446 4241 Ι,
2470 4191 2542 4241 18.
2566 4204 2587 4233 1
2610 4198 2656 4234 et
2674 4204 2716 4234 2·
