3469 5063
1778 504 1867 572 74

1591 682 1601 691 ⁶
1742 689 1901 761 XII.

885 873 1216 968 Thucyd.
1272 873 1445 954 VII,
1505 896 1637 962 49,
1710 898 1796 944 1.·

885 1013 994 1083 καὶ
1069 1011 1209 1106 ἅμα
1279 1018 1423 1090 ταῖς
1493 1018 1644 1106 γοῦν
1715 1013 1938 1083 ναυσὶν
2008 1014 2054 1107 ἢ
2127 1012 2444 1108 πρότερον
2525 1011 2856 1107 θαρσήσει

782 1148 1165 1245 κρατηθείς.

888 1284 1328 1377 Legendum
1385 1296 1531 1354 est:
1597 1284 1707 1356 καὶ
1764 1284 1903 1378 ἅμα
1956 1292 2099 1363 ταῖς
2152 1290 2303 1379 γοῦν
2360 1285 2550 1355 ναυσὶ
2603 1286 2853 1379 μᾶλλον

780 1424 825 1518 ἢ
881 1423 1194 1519 πρότερον
1251 1420 1617 1518 θαρσήσας.

1123 1539 1139 1560 .
1731 1600 1919 1671 XIII.

882 1756 1213 1852 Thucyd.
1268 1756 1440 1841 VII,
1504 1777 1634 1846 74,
1707 1781 1762 1827 1.

882 1892 960 1963 Οἱ
1023 1895 1095 1964 δὲ
1158 1896 1318 1990 πρὸς
1371 1896 1446 1964 τὸ
1502 1895 1803 1990 ἄγγελμα
1859 1897 2145 1989 ἐπέσχον
2201 1895 2325 1990 τὴν
2382 1893 2624 1987 νύκτα,
2680 1898 2853 1990 νομί-

778 2057 1012 2135 σαντες
1083 2033 1197 2101 οὐκ
1271 2031 1537 2126 ἀπάτην
1610 2033 1801 2102 εἶναι·
1877 2032 1986 2102 καὶ
2058 2031 2294 2127 ἐπειδὴ
2367 2032 2509 2101 καὶ
2575 2034 2683 2109 ὥς
2737 2033 2851 2101 οὐκ

778 2166 975 2246 εὐθὺς
1072 2169 1438 2265 ὥρμησαν,
1530 2169 1753 2248 ἔδοξεν
1848 2169 2063 2246 αὐτοῖς
2142 2169 2250 2239 καὶ
2329 2169 2452 2264 τὴν
2537 2170 2850 2240 ἐπιοῦσαν

775 2306 1033 2402 ἡμέραν
1089 2313 1480 2401 περιμεῖναι.

882 2408 1252 2534 [θξᾷωῑε
1311 2443 1841 2539 ἀναγκαίως.

1706 2623 1899 2693 XIV.

878 2802 1214 2895 Xenoph.
1273 2800 1460 2872 Hell.
1518 2800 1618 2885 II,
1678 2825 1716 2890 3
1745 2856 1761 2885 ‚
1821 2806 1936 2890 36.

876 2942 949 3011 οὐ
1031 2942 1248 3034 μέντοι
1329 2939 1657 3035 θαυμάζω
1741 2966 1814 3034 γε
1885 2942 1959 3009 τὸ
2026 2937 2300 3037 Κριτίαν
2332 2938 2338 2943 ’
2374 2965 2425 3008 π
2443 2965 2486 3009 α
2507 2966 2541 3036 ρ
2562 2965 2605 3009 α
2625 2965 2657 3007 ν
2681 2963 2713 3007 ε
2734 2964 2765 3005 ν
2787 2964 2846 3006 ο-

714 3080 1182 3174 Δμηκέναι.

878 3214 1317 3307 Legendum
1372 3226 1594 3308 puto:
1668 3218 2472 3313 παρανενοηκέναι.

1732 3396 1897 3466 XV.

874 3577 1211 3669 Xenoph.
1269 3577 1456 3648 Hell.
1516 3577 1616 3663 II,
1677 3601 1760 3667 3,
1820 3583 1935 3667 38.

788 3739 792 3743 *
875 3716 1103 3784 οὐκοῦν
1169 3718 1365 3813 μέχρι
1420 3717 1540 3811 μὲν
1593 3722 1708 3785 τοῦ
1765 3718 1932 3811 ὑμᾶς
1985 3741 2059 3785 τε
2113 3722 2521 3811 καταστῆναι
2578 3718 2668 3794 εἰς
2722 3717 2844 3810 τὴν

775 3852 1020 3950 βουλὴν
1069 3851 1177 3921 καὶ
1235 3853 1397 3948 ἀρχ
1420 3852 1511 3932 ὰς
1548 3852 2042 3948 ἀποδειχθῆναι
2079 3853 2187 3923 καὶ
2223 3852 2371 3930 τοὺς
2407 3853 2845 3947 ὁμολογουμέ-

771 4015 915 4067 νους
951 3988 1368 4082 συκοφάντας
1408 3987 1786 4085 ὑπάγεσθαι
1822 3989 2064 4069 πάντες
2092 3988 2303 4060 ταύτὰ
2330 3992 2839 4085 ἐγιγνώσκομεν.
2899 4009 2913 4027 ⁶

880 4125 1125 4218 Lege:
1202 4127 1661 4224 ἄρχοντας.

3406 856 3415 1047 u-——fl—
3409 686 3412 821 Q
3393 374 3413 627 *„ss
3389 142 3412 322 A*
