3469 5063
1605 451 1690 516 61

616 652 831 725 cessit
886 653 1139 723 Asiam
1213 651 1568 723 Minorem
1644 650 1745 723 cis
1796 653 2120 723 Taurum
2186 651 2557 724 Antiocho
2613 666 2688 724 et

616 790 976 886 promisit,
1057 815 1136 862 se
1218 816 1385 862 eum
1459 814 1714 884 regem
1789 791 2420 862 consalutaturum
2501 815 2684 863 esse.

621 928 1031 1001 Antiochus
1132 927 1414 1000 Hierax
1510 928 1734 999 hasce
1833 927 2288 1000 conditiones
2369 929 2686 1024 accepit,

618 1092 785 1139 nam
842 1067 945 1139 sic
1003 1091 1259 1139 omnes
1313 1065 1503 1138 vires
1541 1091 1715 1139 suas
1753 1091 2111 1161 usurpare
2150 1066 2387 1162 potuit
2429 1085 2689 1140 contra

617 1207 1158 1301 Pergamenum
1239 1209 1642 1302 dynasten‚
1724 1203 1928 1277 cuius
1989 1219 2321 1300 potestas
2373 1204 2442 1276 in
2498 1205 2686 1278 diem

619 1346 1017 1416 crescebat.
1101 1346 1327 1416 Haud
1383 1357 1676 1416 constat
1726 1343 1913 1415 inter
1976 1369 2215 1416 rerum
2254 1344 2684 1438 scriptores,

619 1497 857 1554 utrum
939 1482 1306 1555 Eumenes
1396 1485 1423 1553 I
1508 1507 1673 1555 cum
1767 1481 2052 1554 Galatis
2149 1497 2224 1554 et
2316 1482 2687 1556 Antiocho

620 1621 938 1692 Hierace
994 1620 1264 1692 bellum
1320 1608 1636 1715 gesserit
1690 1613 1926 1694 necne
1959 1619 2027 1717 1>.
2138 1622 2332 1693 Fuse
2398 1622 2490 1693 de
2545 1623 2687 1693 hac

617 1759 1049 1853 quaestione
1121 1758 1275 1853 egit
1347 1759 1454 1829 vir
1524 1762 1788 1832 doctus
1868 1761 2270 1830 THR'aMER
2348 1759 2417 1829 in
2471 1759 2687 1844 libro,

619 1896 740 1990 qui
791 1896 1232 1969 inscribitur:
1314 1897 1471 1991 „die
1531 1899 1724 1993 Szlege
1792 1898 1922 1968 der
1977 1898 2458 1994 Pergamener
2520 1901 2692 1970 iiber

619 2035 731 2104 dz'e
793 2034 1101 2107 Galaten
1124 2093 1139 2120 ,
1196 2036 1357 2106 und
1404 2037 1564 2106 ihre
1646 2037 2260 2132 Verberrlz'clzung
2300 2038 2532 2108 durclz
2580 2038 2693 2108 dz'e

621 2173 1252 2268 Pergamenz'schen
1308 2174 1799 2244 Kz‘c‘nststz'c‘cke
1816 2175 1882 2254 ;'’
1939 2173 2109 2245 item
2164 2173 2233 2243 in
2289 2174 2473 2246 libro
2495 2232 2510 2259 ‚
2567 2175 2691 2269 qui

619 2309 1026 2383 inscribitur
1110 2312 1604 2407 „Pergamos”,
1707 2336 1775 2405 p.
1866 2316 2030 2400 246.
2139 2312 2258 2382 De
2343 2313 2691 2385 Eumenis

616 2474 853 2544 regno
932 2450 1085 2522 fere
1167 2449 1331 2522 nihil
1414 2450 1718 2522 traditur
1787 2451 1989 2546 apud
2064 2450 2457 2545 scriptores
2511 2450 2690 2522 anti-

618 2615 807 2685 quos
878 2593 1227 2685 quodque
1302 2590 1641 2662 traditum
1715 2604 1828 2662 est
1900 2605 2012 2662 est
2080 2591 2480 2663 admodum
2535 2614 2691 2661 cor-

620 2743 931 2822 ruptum.

724 2867 1230 2939 Fundamenta
1284 2867 1793 2960 disputationis
1840 2866 1969 2938 viri
2005 2866 2395 2939 doctissimi
2433 2868 2692 2940 THRa-

622 3028 782 3074 MER
851 3019 1021 3075 sunt
1089 3005 1276 3076 haec
1345 3005 1578 3076 verba
1642 3029 1683 3075 e
1738 3004 1942 3074 Plinii
1998 3006 2312 3075 historia·
2354 3008 2700 3076 naturali

622 3272 877 3329 Syrisclzen
909 3271 1088 3331 Kriege
1119 3272 1206 3315 der
1239 3275 1393 3314 ersten
1426 3272 1724 3315 Ptolemaz‘er
1756 3272 1862 3315 und
1892 3271 1977 3314 der
2013 3271 2345 3330 Bruderkrieg
2373 3271 2451 3315 des
2479 3271 2696 3316 beleukos

624 3370 897 3414 Kallinikos
944 3370 1047 3413 und
1095 3369 1358 3413 Antiochus
1407 3368 1622 3418 Hierax,
1670 3382 1718 3425 p.
1765 3382 1882 3425 223:
1929 3369 2104 3426 „Dann
2138 3368 2285 3425 folgte
2315 3368 2399 3413 der
2427 3367 2696 3413 Abschluss

621 3468 704 3512 des
736 3467 1065 3524 zehnjahrigen
1103 3466 1325 3511 Friedens
1343 3498 1353 3515 .
1387 3465 1506 3510 alles
1539 3465 1663 3509 noch
1696 3466 1763 3509 im
1795 3465 1945 3526 Jahre
1971 3465 2057 3509 des
2080 3465 2332 3510 Entsatzes
2352 3478 2446 3510 von
2469 3464 2696 3510 Orthosia

620 3563 912 3625 (242s241)3’'
950 3565 1208 3609 DROYSEN
1229 3596 1239 3615 ‚
1278 3563 1546 3608 Gesclziclzte
1578 3564 1656 3607 des
1687 3564 1821 3608 Hell.
1844 3562 1939 3613 ΙΙΙ,
1963 3576 2009 3618 p.
2033 3576 2124 3620 399
2146 3569 2306 3619 putat.
2330 3575 2496 3618 pacem
2518 3563 2692 3607 iactam

623 3674 725 3704 esse
757 3660 806 3704 a⁰
839 3674 943 3717 239.

688 3756 722 3813 ι)
753 3758 1007 3801 DROYSEN
1057 3766 1221 3814 putat,
1271 3760 1367 3803 iam
1414 3759 1681 3803 Eumenem
1724 3759 1745 3801 I
1777 3771 1888 3802 cum
1921 3757 2108 3801 Galatis
2140 3764 2186 3800 et
2216 3756 2459 3801 Antiocho
2492 3757 2696 3801 Hierace

626 3853 940 3909 pugnavisse,
986 3855 1042 3898 cf.
1092 3855 1351 3899 DROYSEN
1373 3889 1383 3906 ,
1440 3855 1704 3900 Gesclziclzte
1752 3856 1827 3899 des
1863 3855 2019 3905 Hell„
2054 3854 2143 3904 111,
2175 3853 2222 3904 1,
2254 3866 2302 3909 p.
2337 3855 2452 3910 398:
2501 3853 2695 3911 „Schon

626 3949 755 3993 hatte
784 3949 928 3992 wider
956 3950 1040 3993 ihn
1070 3950 1353 4009 (Antiochus
1389 3952 1602 4011 Hierax.)
1633 3952 1719 3996 der
1752 3951 2144 4008 pergamenische
2177 3952 2365 4007 Dynast
2391 3964 2448 3995 zu
2470 3949 2696 4006 kampfen

626 4046 924 4102 begonnen.”
969 4046 1099 4091 Idem
1140 4060 1188 4103 p.
1233 4061 1349 4104 409:
1400 4049 1671 4106 „Eumenes
1713 4049 1903 4092 wandte
1935 4048 2035 4092 sich
2068 4048 2191 4092 nach
2224 4048 2308 4093 der
2338 4046 2567 4091 Schlacht
2600 4060 2695 4090 von

626 4143 823 4199 Ankyra
853 4144 1114 4188 besonders
1146 4156 1299 4201 gegen
1331 4145 1600 4188 Antiochus
1632 4145 1853 4188 Hierax.''
