3469 5063
1640 441 1736 510 47

753 627 948 701 Satis
1003 641 1330 712 constat,
1387 652 1533 699 non
1590 640 2002 721 strategOS‚
2057 628 2191 699 sed
2222 627 2728 721 Pergamenos

647 770 1000 863 dynastas
1056 789 1428 860 regesque
1505 789 1623 837 res
1696 764 2039 837 militares
2095 778 2172 837 et
2226 764 2468 836 omnia
2533 765 2729 837 bella

650 905 972 1001 gessisse
1029 903 1156 1002 (Πο.
1227 927 1351 993 13:
1422 902 1557 1000 19).
1651 903 1805 976 Sed
1869 904 1939 975 in
1997 902 2204 975 titulo
2260 903 2728 997 Pergameno

570 1040 577 1049 ’
654 1059 755 1116 ΠΟ.
825 1066 959 1136 154
1047 1042 1483 1115 offendimus
1571 1046 1985 1140 ,,στρατηγὸν
2042 1050 2162 1138 τῆς
2215 1043 2383 1113 κατὰ
2426 1098 2675 1113 .....
2687 1043 2725 1065 ”

655 1184 932 1280 (cetera
988 1180 1319 1278 desunt),
1377 1181 1763 1253 donarium
1830 1180 1974 1251 deo
2031 1179 2323 1251 cuidam
2383 1180 2730 1251 dedican-

655 1336 821 1394 tem.
931 1322 1009 1391 In
1067 1318 1622 1413 Dittenbergeri
1675 1292 1987 1413 Sylloge
2044 1319 2144 1388 ΠΟ.
2211 1298 2404 1407 2465
2463 1341 2544 1407 13
2586 1332 2731 1389 tra-

654 1459 846 1531 ditur
913 1461 1322 1557 ,,στρατηγὸς
1376 1466 1495 1553 τῆς
1548 1456 1973 1555 Χερρονήσω)
2030 1458 2138 1527 καὶ
2194 1465 2328 1527 τῶν
2385 1456 2552 1527 κατὰ
2605 1458 2728 1551 τὴν

657 1594 919 1696 Θρᾴκην
976 1595 1268 1667 τόπων.”
1324 1593 1400 1667 Si
1446 1595 1662 1683 Perg.
1702 1592 1911 1665 inser.
1952 1604 2053 1663 ΠΟ.
2106 1614 2240 1684 154
2284 1607 2360 1664 et
2399 1592 2728 1664 Dittenb.

656 1742 758 1805 ΠΟ.
820 1740 964 1823 246
1028 1722 1144 1805 'ad
1225 1733 1539 1804 eundem
1624 1730 2133 1826 magistratum
2215 1744 2592 1825 spectant,
2674 1730 2731 1803 is

656 1886 856 1945 certe
913 1896 1060 1943 non
1119 1885 1410 1944 creatus
1466 1884 1578 1943 est
1615 1883 1787 1942 ante
1827 1894 2099 1941 annum
2152 1892 2292 1958 190
2331 1894 2394 1940 a.
2436 1868 2600 1943 Chr.
2641 1894 2729 1952 n.,

656 2036 822 2082 nam
899 2010 1402 2083 Chersonesus
1474 2023 1643 2104 post
1696 2008 2056 2103 proelium
2112 2009 2209 2079 ad
2265 2006 2730 2101 Magnesiam

656 2147 1118 2220 commissum
1193 2172 1239 2218 a
1295 2146 1648 2218 Romanis
1705 2144 2018 2217 Eumeni
2071 2146 2133 2215 II
2188 2146 2364 2217 data
2419 2159 2548 2218 est.

763 2284 1057 2357 Maximi
1127 2284 1473 2356 momenti
1540 2285 1636 2356 ad
1702 2285 2064 2378 dynastae
2121 2282 2555 2377 dignitatem
2612 2308 2731 2355 co-

654 2424 1164 2518 gnoscendam
1247 2436 1359 2495 est
1432 2423 1732 2505 modus,
1815 2415 1966 2516 quo
2035 2421 2387 2516 dynastes
2444 2421 2733 2493 comitia

655 2563 910 2658 populi
939 2576 1163 2656 rogat
1190 2557 1261 2658 ¹),
1318 2576 1398 2633 ut
1453 2562 1774 2633 honores
1830 2560 2302 2633 conferantur
2353 2560 2420 2631 in
2469 2574 2730 2647 strate-

654 2726 836 2795 gOS,
891 2702 1095 2795 quod
1160 2699 1401 2772 omnia
1473 2702 1665 2772 bene
1739 2698 2101 2793 gesserint
2171 2699 2239 2769 in
2298 2698 2733 2793 magistratu

654 2863 809 2910 suo.
919 2838 1293 2932 Dynastes
1364 2837 1671 2931 primum
1744 2838 2119 2923 laudatur,
2193 2838 2396 2933 quod
2450 2850 2731 2909 tantam

656 3000 912 3048 curam
986 2974 1399 3046 adhibuerit
1468 2974 1537 3045 in
1612 2973 1824 3047 bonis
1890 2973 2223 3047 ministris
2279 2975 2731 3068 deligendiS‚

654 3113 972 3197 deinde‚-
1028 3114 1232 3206 quod
1304 3111 1501 3183 cives
1572 3110 1974 3183 honoribus
2054 3125 2129 3183 et
2211 3111 2505 3183 coronis
2559 3114 2730 3184 affe-

654 3250 866 3337 cerit,
948 3275 1097 3346 qua
1179 3252 1274 3322 de
1350 3274 1577 3321 causa
1659 3248 1980 3345 populus
2044 3263 2363 3343 rogante
2417 3250 2733 3323 Arches-

652 3405 847 3463 trato
955 3388 1284 3462 decrevit
1363 3387 1633 3483 primo,
1734 3401 1817 3459 ut
1894 3389 2208 3481 strategi
2289 3388 2735 3482 Pergameni

652 3529 1194 3600 Panathenaei's
1268 3550 1547 3599 corona
1621 3550 1850 3637 aurea
1917 3540 2451 3598 coronarentur
2523 3550 2733 3620 prae-

718 3834 752 3890 1)
785 3834 1082 3887 SWOBODA,
1115 3849 1161 3892 p.
1195 3847 1313 3893 504:
1351 3836 1447 3894 „Es
1480 3836 1540 3880 ist
1574 3836 1705 3887 klar,
1740 3836 1853 3880 dass
1884 3835 2033 3880 durch
2066 3835 2143 3879 die
2182 3835 2509 3892 Koniglichen
2543 3835 2735 3880 Erlasse

653 3931 730 3976 die
769 3931 1053 3989 Bedeutung
1095 3932 1178 3976 der
1219 3933 1652 3978 volksthfimlieben
1695 3933 1997 3990 Verfassung
2041 3933 2316 3977 illusorisch
2351 3932 2575 3990 gemacht
2607 3933 2734 3984 und,

653 4041 789 4073 wenn
835 4022 960 4072 auch
1005 4028 1105 4072 ihre
1152 4029 1530 4086 Einriehtungen
1577 4030 1677 4074 und
1727 4029 2060 4086 Beamtungen
2105 4030 2335 4075 bestehen
2383 4028 2577 4073 blieben
2595 4063 2605 4081 ,
2653 4030 2736 4073 auf

651 4126 731 4170 ein
765 4125 1021 4169 Minimum
1054 4125 1421 4181 eingeschrankt
1451 4125 1653 4171 wurde.''
