3469 5063
643 1361 1225 1442 HISTORIA
1303 1360 1732 1442 BREVIS
1818 1360 2437 1443 IoNIARUM
2516 1366 2662 1442 ET

944 1536 1669 1634 AEOL1ARUM
1748 1536 2224 1618 URBIUM
2267 1522 2349 1623 ¹).

717 2020 947 2091 Haud
1019 2020 1335 2091 alienum
1408 2044 1453 2090 a
1524 2013 1904 2114 proposito
1979 2044 2144 2092 meo
2208 2020 2503 2114 putavi,
2559 2021 2694 2092 etsi

613 2158 1031 2253 singillatim
1086 2182 1460 2251 exponere
1516 2158 1822 2250 longum
1863 2171 2011 2242 est,
2048 2156 2417 2229 historiam
2447 2158 2690 2230 Ioniae

614 2310 689 2367 et
716 2294 1023 2367 Aeoliae
1053 2295 1342 2367 urbium
1381 2295 1640 2390 paucis
1690 2294 2088 2389 attingere,
2145 2320 2187 2366 e
2217 2320 2366 2390 qua
2395 2296 2689 2368 efficere

615 2458 1048 2528 possumuS,
1118 2435 1264 2505 -sub
1323 2434 1530 2506 cuius
1560 2446 1955 2529 potestate
2012 2433 2461 2528 Pergamum
2518 2448 2689 2506 ante

619 2568 1032 2669 Lysimachi
1086 2586 1408 2645 aetatem
1462 2574 1694 2645 fuerit.
1797 2573 2010 2664 Quae
2066 2573 2267 2646 urbis
2324 2572 2692 2668 regiminis

612 2714 846 2785 forma
914 2713 1161 2799 fuerit,
1235 2711 1358 2809 qui
1430 2698 1909 2807 magistratus
1980 2710 2244 2783 fuerint
2307 2711 2694 2783 Philetaeri

617 2850 1105 2945 temporibus,
1196 2865 1278 2922 ut
1354 2864 1618 2946 postea
1697 2849 2108 2923 videbimus
2187 2849 2692 2944 inscriptiones

617 2988 960 3083 Pergami
1014 3001 1292 3080 erutae*
1326 3009 1462 3060 nos
1516 2989 1916 3060 docebunt.
2105 2977 2110 2982 ²

722 3128 967 3200 Ioniae
999 3126 1328 3200 civitates
1357 3124 1867 3222 antiquissimis
1896 3127 2351 3221 temporibus
2380 3150 2601 3220 reges
2641 3122 2693 3220 2)

620 3268 752 3340 sibi
810 3267 1363 3340 constituerunt.
1456 3266 1568 3336 Ex
1623 3263 1918 3337 historia
1975 3264 2351 3336 civitatum
2412 3263 2693 3335 illarum

621 3407 956 3480 conicere
1048 3430 1475 3501 possumus,
1570 3404 1873 3498 imperia
1964 3402 2172 3498 regia
2261 3403 2693 3498 plerumque

621 3546 997 3640 excepisse
1069 3568 1477 3640 paucorum
1550 3542 1966 3615 dominatus
2033 3542 2512 3641 (ὀλιγαρχίας),
2572 3542 2696 3635 qui

624 3683 973 3776 deinceps
1027 3707 1072 3754 a
1126 3683 1457 3778 tyrannis
1510 3681 1835 3754 submoti
1887 3681 2044 3754 sint.

689 3998 723 4057 ¹)
754 3998 842 4044 Cff.
866 4001 1125 4053 GILBERT,
1149 4001 1418 4046 Handbuclz
1440 4002 1484 4046 d.
1517 4002 1705 4047 Grieck.
1732 4001 2096 4046 Staatsaltertlz.
2118 4000 2160 4045 11
2176 4013 2223 4056 p.
2245 4012 2331 4057 135
2349 4006 2393 4044 et
2411 4001 2668 4043 DROYSEN
2687 4032 2696 4049 ,

633 4097 901 4142 Gesckiclzte
933 4080 1010 4141 d⁶es
1042 4097 1174 4142 Hell.
1206 4098 1226 4142 I
1260 4111 1303 4154 p.
1344 4113 1384 4143 1.

693 4194 728 4250 ²)
763 4193 835 4239 Cf.
871 4195 1079 4238 HEROD.
1113 4194 1158 4245 Ι,
1195 4207 1296 4250 147.
