3469 5063
1764 495 1852 543 10

972 683 1261 752 buntur.
1372 679 1596 770 Quod
1666 679 1856 751 idem
1928 678 2203 750 valebit
2257 679 2350 750 de
2407 702 2664 775 opere,
2722 676 2837 749 cui

970 819 1037 889 in
1093 819 1233 891 hac
1290 842 1455 890 mea
1508 816 1897 912 scriptione
1955 817 2474 912 componenda
2527 816 2836 887 fortasse

972 957 1290 1029 omnium
1345 955 1728 1050 plurimum
1786 956 2029 1027 debeo
2053 1011 2069 1040 ,
2135 953 2838 1049 praestantissimum

970 1095 1231 1167 librum
1286 1094 1484 1167 dico:

765 1235 916 1305 Dz'e
985 1232 1431 1326 Insclzrgften
1505 1258 1638 1302 von
1706 1232 2143 1328 Pergamon,
2223 1241 2442 1302 unter
2508 1231 2829 1301 Mz'th'r-

971 1373 1176 1467 kung
1253 1398 1318 1443 v.
1393 1371 1474 1441 E.
1542 1371 1955 1442 FABRICIUS
1979 1427 1995 1456 ‚
2062 1369 2141 1443 C.
2209 1369 2836 1452 SCHUCHHARDT,

970 1512 1518 1606 herausgegeben
1538 1534 1672 1580 von
1695 1509 1898 1580 MAX
1912 1509 2316 1595 FRaNKEL‚
2334 1508 2599 1580 Berlin
2628 1531 2651 1577 1
2671 1512 2839 1597 890.

869 1648 1082 1739 Quae
1110 1645 1613 1740 inscriptiones
1635 1704 1651 1733 ,
1680 1647 1750 1719 in
1780 1646 2047 1720 tabulis
2076 1645 2503 1718 marmoreis
2529 1644 2843 1738 insculp-

764 1800 886 1858 tae
940 1800 1016 1858 et
1068 1787 1167 1857 ab
1223 1785 1630 1857 HUMANNO
1685 1782 1742 1879 1)
1799 1799 1874 1857 et
1926 1787 2024 1856 ab
2079 1784 2231 1856 aliis
2285 1800 2573 1869 erutae,
2614 1783 2840 1854 multa

764 1923 1172 2010 continent,
1229 1949 1421 2019 quae
1478 1948 1595 1995 res
1625 1925 1722 1995 ad
1759 1922 2126 1996 historiam
2156 1923 2369 2017 regni
2396 1921 2838 2016 Pergameni

762 2061 1208 2156 pertinentes
1274 2061 1542 2159 (adhuc
1599 2062 1815 2134 nobis
1867 2061 2191 2159 ignotas)
2247 2062 2318 2134 in
2374 2062 2614 2133 lucem
2669 2084 2838 2154 pro-

760 2199 1072 2271 trahunt.
1183 2199 1327 2291 Qui
1395 2199 1590 2272 initio
1673 2203 1895 2273 rebus
1970 2200 2310 2273 eruendis
2364 2199 2839 2295 praefuerunt

761 2363 1021 2432 parum
1076 2339 1563 2411 attendebant
1618 2340 1714 2411 ad
1760 2338 2306 2433 inscriptiones;
2338 2339 2471 2411 sed
2502 2339 2838 2410 HUMAN-

762 2501 908 2549 Nus
979 2477 1290 2572 primum
1363 2478 1601 2565 soluS,
1675 2477 1939 2551 deinde
2014 2502 2161 2551 una
2234 2503 2400 2551 cum
2465 2478 2553 2548 R.
2610 2478 2834 2549 BOHN

760 2640 1115 2687 summam
1185 2640 1487 2710 operam
1557 2615 1638 2688 iis
1693 2616 1910 2688 dedit.
2018 2616 2240 2687 Anno
2307 2621 2492 2705 1883
2556 2616 2639 2686 E.
2695 2616 2836 2686 FA-

760 2776 1057 2825 BR1crUs
1129 2778 1380 2825 veram
1452 2755 1649 2827 viam
1721 2754 1994 2850 primus
2065 2755 2441 2850 ingressus
2515 2767 2629 2826 est
2701 2756 2835 2826 has

758 2890 1259 2985 inscriptiones
1316 2906 1664 2965 accurate
1712 2894 2117 2976 tractandi,
2172 2894 2290 2966 cui
2319 2908 2836 2966 successerunt

761 3028 892 3101 viri
965 3029 1165 3102 docti
1240 3031 1330 3102 A.
1405 3056 1477 3103 V.
1537 3029 2173 3104 OECHELHAUSER
2228 3046 2304 3105 et
2356 3033 2498 3104 FR.
2556 3033 2835 3104 KoEPP.

758 3167 1030 3240 Postea
1067 3169 1152 3240 E.
1191 3168 1602 3241 FABRICIUS
1640 3195 1789 3242 rem
1829 3170 2089 3243 iterum
2139 3170 2542 3265 suscipiens
2579 3170 2836 3242 funda-

822 3502 857 3560 1)
890 3502 1209 3547 HUMANNUS
1262 3504 1545 3548 architectus
1579 3510 1649 3549 est
1684 3504 1939 3561 Smyrnae,
1988 3505 2072 3562 qui
2104 3518 2203 3550 una
2235 3517 2344 3548 cum
2377 3505 2437 3549 A.
2472 3505 2657 3550 CONZE
2693 3505 2836 3560 (Cen-

755 3599 1051 3644 traldirector
1092 3600 1177 3644 des
1224 3600 1553 3645 Kaiserlichen
1599 3602 1876 3646 Deutschen
1914 3602 2142 3646 Archeol.
2177 3602 2410 3660 Instituts)
2442 3602 2646 3645 multum
2680 3602 2838 3646 attulit

758 3695 821 3739 ad
863 3709 938 3740 res
981 3696 1302 3753 Pergamenas
1334 3697 1508 3747 melius
1538 3699 1910 3755 cognoscendas
1974 3699 2177 3750 Turcia‚
2225 3700 2317 3744 sub
2346 3699 2483 3744 cuius
2514 3699 2694 3744 ditione
2726 3699 2838 3743 Per-

758 3805 956 3848 gamum
1008 3793 1153 3837 situm
1203 3799 1300 3844 est,
1347 3795 1581 3839 concessit
1626 3794 1942 3846 HUMANNO,
1991 3802 2043 3840 ut
2090 3803 2271 3841 erueret
2316 3798 2406 3841 hac
2437 3797 2735 3847 conditione,
2785 3804 2837 3840 ut

759 3889 1043 3941 Germania.
1090 3890 1269 3935 Turcia
1312 3898 1359 3935 et
1394 3892 1499 3948 agri
1530 3905 1781 3948 possessor
1813 3907 1939 3951 quae
1971 3894 2290 3950 reperirentur
2322 3895 2448 3939 inter
2478 3908 2529 3940 se
2560 3895 2833 3940 dividerent.

759 3986 856 4029 Sed
903 3993 1071 4041 postea
1116 3987 1208 4031 hae
1252 3988 1552 4033 conditiones
1597 3989 1664 4033 ita
1709 3995 1923 4035 mutatae
1956 3997 2094 4042 sunt,
2144 3997 2197 4035 ut
2232 3992 2493 4037 Germania
2525 3993 2645 4036 duas
2677 3996 2835 4047 partes

759 4084 969 4129 haberet.
1050 4083 1228 4129 Omnia
1276 4098 1404 4143 quae
1451 4093 1636 4143 reperta
1682 4093 1794 4132 sunt
1842 4088 2118 4133 Berolinum
2169 4095 2280 4134 sunt
2328 4095 2618 4139 transvecta,
2670 4087 2753 4131 ubi
2784 4087 2833 4130 in

762 4182 932 4225 Museo
964 4182 1097 4239 regio
1127 4189 1483 4229 conservantur.

3449 3847 3460 3958 „unffi
3443 3755 3461 3816 Α
3458 3697 3460 3712 ᾼ

3447 4389 3454 4424 -ιι-
