3469 5063
1037 1348 1240 1443 ‘DE
1348 1368 1980 1445 EUMENE
2093 1371 2150 1446 1.

662 1893 1117 1966 Philetaerus
1188 1893 1456 1965 liberos
1532 1918 1676 1964 non
1762 1893 2081 1988 reliquit,
2157 1897 2289 1967 sed
2362 1897 2428 1967 ei
2464 1898 2634 1978 „duo

560 2032 821 2104 fratres
868 2045 1113 2116 erant,
1162 2005 1479 2125 quorum*
1512 2031 1741 2103 maior
1770 2046 1945 2103 natu
1974 2033 2375 2118 Eumenes,
2407 2034 2639 2105 minor

564 2169 862 2242 Attalus
934 2183 1096 2241 erat
1145 2166 1219 2259 1).
1327 2169 1695 2241 Eumenes
1769 2194 2073 2241 uxorem
2148 2170 2351 2243 duxit
2422 2171 2637 2268 Saty—

563 2332 753 2389 ram,
805 2305 1171 2378 Posidonii
1217 2304 1472 2389 filiam,
1520 2330 1561 2376 e
1609 2330 1760 2400 quo
1791 2307 2252 2378 matrimonio
2283 2322 2496 2381 natus
2525 2324 2640 2380 est

564 2445 748 2517 filius
823 2443 1020 2540 (vide
1091 2442 1273 2514 infra
1345 2467 1413 2538 p.
1494 2442 1653 2541 52),
1729 2444 1848 2515 cui
1920 2428 2089 2515 item
2157 2469 2423 2517 nomen
2494 2447 2636 2517 Eu-

563 2583 787 2657 menis
816 2598 976 2656 erat
994 2641 1011 2669 ‚
1052 2581 1487 2655 Amastridis
1515 2584 1869 2678 dynastes
1890 2641 1906 2668 ‚
1937 2598 2339 2678 antequam
2369 2599 2637 2679 patruo

561 2723 977 2795 Philetaero
1018 2720 1370 2794 successit
1394 2718 1469 2815 ²).
1543 2721 1906 2794 Amastris
1963 2736 2211 2794 autem
2249 2724 2425 2795 urbs
2464 2748 2635 2795 con-

561 2859 711 2932 dita
783 2874 896 2932 est
967 2861 1064 2931 ab
1134 2858 1590 2944 Amastride‚
1657 2885 1851 2955 quae
1909 2885 2094 2932 uxor
2146 2860 2453 2955 primum
2508 2863 2640 2934 fuit

564 2996 925 3093 Dionysii,
1011 2993 1425 3068 Heracleae
1487 2998 1850 3091 tyranni,
1936 2998 2236 3082 deinde,
2327 3014 2407 3069 ut
2494 2999 2636 3070 iam

563 3135 866 3207 vidimus
922 3139 1019 3230 (p.
1083 3134 1237 3232 27),
1297 3133 1712 3230 Lysimachi
1765 3134 2000 3229 regis,
2049 3160 2368 3230 quocum
2398 3135 2636 3208 divor-

565 3272 737 3344 tium
809 3272 995 3345 fecit.
1106 3273 1323 3344 Haec
1398 3271 1618 3366 igitur
1691 3271 2054 3345 Amastris
2126 3247 2635 3346 A'mastridem

630 3694 909 3750 ¹)STRA130
956 3694 1011 3738 C.
1060 3709 1104 3751 p.
1155 3697 1275 3751 624:
1346 3679 1530 3748 ,ὦσαν
1589 3676 1782 3753 ὃάὺτῲ
1842 3680 2182 3756 (Φιλεταίρῳ)
2239 3682 2330 3737 δύο
2388 3682 2633 3756 ἀδελφοί,

563 3777 903 3850 πρεσβύτερος
941 3779 1029 3851 μὲν
1077 3782 1335 3852 Εὐμένης,
1383 3782 1618 3853 νεώτερος
1662 3772 2028 3841 δ’”Ατταλος.”

628 3887 663 3945 ²)
695 3886 911 3931 STRABO
942 3887 1055 3932 1.1.:
1088 3878 1172 3936 ’,ἐκ
1205 3876 1294 3949 μὲν
1331 3872 1417 3930 οὖν
1448 3882 1538 3931 τοῦ
1572 3879 1821 3949 Εὐμένους
1856 3878 2052 3947 ἐγένετο
2088 3877 2350 3950 ὃμώνυμυς
2381 3873 2454 3949 τῷ
2481 3881 2638 3948 πατρί

571 3973 814 4044 Εὐμένης,
861 3970 1017 4045 ’ὅσπερ
1060 3972 1146 4025 καὶ
1190 3971 1459 4037 διεδέξατο
1502 3974 1560 4027 τὸ
1601 3965 1937 4045 Πέργαμον.”
2004 3986 2164 4030 PAUS.
2197 3987 2244 4037 Ι,
2279 3987 2332 4036 8,
2367 3998 2421 4029 2:
2474 3973 2535 4038 „b
2580 3972 2636 4026 δὲ

554 4061 812 4129 ’Ἄτταλος
852 4062 1104 4122 Ἀττάλου
1138 4067 1227 4141 μὲν
1261 4077 1384 4129 παῖς
1426 4068 1493 4121 ὥν
1537 4068 1842 4141 ἀδελφιδοῦς
1886 4069 1942 4123 δὲ
1987 4070 2302 4141 Φιλεταίρου,
2340 4070 2432 4127 τὴν
2469 4071 2637 4140 ἀρχὴν

570 4167 818 4239 Εὐμένους
860 4164 1177 4238 παραδόντος
1221 4163 1368 4237 ἔσχεν
1414 4159 1687 4236 ἁνεψιοῡ.”

2432 4293 2461 4338 4
