3469 5063
1668 439 1674 444 .
1765 478 1848 543 14

768 659 1002 737 Πίελος
1082 661 1187 730 καὶ
1268 662 1594 739 νεώτατος
1650 665 1683 731 ὁ
1758 660 2105 759 Πέργαμος
2138 718 2152 732 .
2189 718 2202 731 .
2238 718 2252 732 .
2288 718 2303 732 .
2361 661 2708 760 Πέργαμος
2764 665 2836 735 δὲ

767 797 997 897 διαβὰς
1079 799 1145 874 ἐς
1226 798 1348 892 τὴν
1430 792 1654 869 Ἀσίαν
1723 793 1986 896 ’Άρειον
2067 798 2546 870 δυναστεύοντα
2618 803 2686 870 ἐν
2751 808 2840 896 τῇ

764 933 1141 1031 Τευθρανίᾳ
1211 936 1447 1004 κτείνει
1515 936 2082 1031 μονομαχήσαντά
2137 941 2198 1006 οἱ
2248 938 2398 1034 περὶ
2453 936 2570 1033 τῆς
2626 939 2839 1035 ἀρχῆς

764 1072 871 1140 καὶ
925 1077 1014 1167 τῇ
1065 1070 1255 1139 πόλει
1308 1072 1381 1139 τὸ
1436 1071 1643 1166 ὄνομα
1698 1071 1906 1141 ’ἔδωκε
1962 1073 2036 1142 τὸ
2089 1078 2199 1141 νῦν
2258 1071 2369 1142 ἀπ’
2425 1075 2644 1143 αὐτοῦ.
2704 1072 2838 1146 Καὶ

764 1204 1229 1304 Ἀνδρομάχης
1284 1204 1665 1302 (ἠκολόυθει
1720 1208 1842 1306 γὰρ
1899 1206 1995 1303 οἱ)
2050 1210 2160 1278 καί
2209 1215 2317 1279 νῦν
2376 1212 2547 1281 ἐστὶν
2611 1214 2835 1308 ἡρῷον

763 1347 832 1413 εἰν
889 1351 978 1440 τῇ
1029 1345 1241 1414 πόλει.
1318 1342 1434 1435 (cf.
1493 1344 1832 1415 PAUSAN.
1892 1345 2029 1430 III,
2094 1368 2218 1429 zo,
2279 1349 2373 1439 8).
2429 1345 2839 1431 Personae,

764 1481 856 1551 de
956 1478 1221 1574 quibus
1320 1506 1562 1553 sermo
1652 1496 1803 1568 est,
1895 1484 2406 1555 tantummodo
2497 1484 2841 1579 eponymi

764 1619 1122 1715 (Grynos‚
1196 1620 1637 1714 Pergamos)
1692 1635 1882 1692 sunt.
1983 1622 2293 1705 Munus,
2350 1648 2500 1716 quo
2564 1624 2839 1717 Perga-

765 1781 924 1829 mus
993 1757 1350 1851 fungitur‚
1407 1774 1520 1830 est
1574 1759 1670 1830 ad
1725 1759 1925 1832 Cai'ci
1993 1760 2403 1831 convallem
2456 1762 2840 1855 pervenire

763 1910 837 1967 et
907 1898 1166 1967 urbem
1222 1921 1267 1966 a
1321 1920 1401 1968 se
1475 1896 1870 1968 nominare.
1983 1896 2284 1991 Operae
2351 1897 2660 1992 pretium
2726 1915 2839 1970 est

689 2131 692 2133 Α
761 2033 1379 2119 animadvertere,
1435 2035 1734 2106 heroem
1785 2048 2113 2107 nostrum
2153 2060 2250 2112 ex,
2283 2035 2505 2130 Epiro
2546 2037 2833 2109 venisse

762 2185 836 2243 et
874 2195 953 2243 se
981 2171 1479 2266 genealogiae
1509 2172 2075 2245 Molossicorum
2106 2198 2372 2268 regum
2404 2174 2833 2248 adiunxisse.

763 2310 916 2382 Sed
971 2310 1192 2405 Epiro
1249 2312 1447 2383 nulla
1502 2326 1614 2384 est
1686 2337 1804 2384 res
1860 2337 2025 2384 cum
2082 2313 2560 2386 Teuthrantia
2614 2317 2798 2386 urbe
2822 2372 2836 2399 ‚

762 2449 891 2522 nisi
980 2451 1416 2537 Herculem,
1507 2450 1909 2522 Alexandri
1999 2450 2256 2545 Magni
2344 2463 2420 2523 et
2499 2450 2837 2523 Barsines

762 2590 982 2661 filium
1052 2588 1467 2683 excipimus.
1579 2591 1837 2682 Reges
1906 2590 2401 2661 Macedonum
2457 2604 2613 2661 arte
2668 2615 2834 2664 cum

761 2727 983 2822 Epiro
1059 2726 1422 2800 coniuncti
1496 2742 1702 2813 sunt,
1780 2753 1948 2799 nam
2024 2754 2152 2800 rex
2220 2727 2643 2823 Tyrimnas‚
2715 2728 2835 2822 qui

759 2879 930 2937 ante
986 2864 1485 2937 Perdiccam]
1541 2890 1855 2960 regnum
1913 2865 2180 2948 tenuit,
2225 2865 2579 2960 originem
2635 2866 2837 2938 ducit

759 3030 800 3076 e
854 3004 1117 3076 fabulis
1172 3003 1554 3099 epiroticis.

864 3143 1365 3229 Matrimonio‚
1423 3145 1628 3238 quod
1680 3142 2100 3237 Philippus,
2140 3169 2268 3215 rex
2306 3143 2836 3227 Macedonum,

757 3296 832 3354 et
868 3281 1089 3375 virgo
1129 3281 1337 3375 regia
1369 3282 1698 3354 Molossa
1728 3280 2116 3377 Olympias
2154 3281 2338 3353 inter
2373 3306 2453 3354 se
2490 3280 2834 3365 inierunt,

756 3419 1062 3513 sanguis
1117 3418 1673 3491 Heraclidarum
1730 3433 1807 3491 et
1861 3418 2360 3491 Aeacidarum
2405 3418 2475 3489 in
2511 3420 2830 3490 Alexan-

757 3560 966 3629 drum
1042 3559 1405 3653 Magnum
1479 3558 1868 3642 confluxit;
1942 3583 2076 3652 per
2148 3557 2553 3648 Alexandri
2610 3557 2830 3629 filium

758 3696 1158 3768 Herculem
1263 3697 1715 3791 Pergamum
1808 3696 2232 3791 permeavit.
2344 3697 2561 3768 Haec
2631 3710 2829 3781 sunt,

757 3859 799 3905 e
855 3833 1119 3928 quibus
1174 3834 1281 3907 vir
1334 3836 1600 3908 doctus
1655 3836 2056 3907 THRaMER
2106 3834 2174 3905 in
2231 3834 2416 3906 libro
2473 3860 2642 3921 suo,
2709 3835 2832 3930 qui

759 3972 1234 4069 „Pergamos”
1264 3973 1672 4047 inscribitur
1709 3972 1805 4071 (p.
1843 3997 1932 4063 24
1944 3972 2045 4070 3),
2085 3972 2309 4045 efficit
2345 3976 2551 4068 quod
2595 3972 2828 4067 sequi-

757 4127 904 4184 tur:
969 4113 1146 4205 „der
1202 4112 1632 4208 epirotische
1700 4113 1950 4185 Heros
2006 4112 2416 4207 Pergamos
2469 4112 2538 4182 in
2595 4111 2829 4183 seiner
