<?xml version="1.0" encoding="UTF-8"?>
<!DOCTYPE html PUBLIC "-//W3C//DTD XHTML 1.0 Transitional//EN"
    "http://www.w3.org/TR/xhtml1/DTD/xhtml1-transitional.dtd">
<html xmlns="http://www.w3.org/1999/xhtml" xml:lang="en" lang="en">
 <head>
  <title>
</title>
<meta http-equiv="Content-Type" content="text/html;charset=utf-8" />
  <meta name='ocr-system' content='tesseract 3.04.00' />
  <meta name='ocr-capabilities' content='ocr_page ocr_carea ocr_par ocr_line ocrx_word'/>
</head>
<body>
  <div class='ocr_page' id='page_1' title='image "./deregnopergamen01bringoog_0091.png"; bbox 0 0 3469 5063; ppageno 0'>
   <div class='ocr_carea' id='block_1_1' title="bbox 1597 500 1683 569">
    <p class='ocr_par' dir='ltr' id='par_1_1' title="bbox 1597 500 1683 569">
     <span class='ocr_line' id='line_1_1' title="bbox 1597 500 1683 569; baseline 0.012 -1"><span class='ocrx_word' id='word_1_1' title='bbox 1597 500 1683 569; x_wconf 87' lang='grc'>73</span> 
     </span>
    </p>
   </div>
   <div class='ocr_carea' id='block_1_2' title="bbox 602 677 2680 1051">
    <p class='ocr_par' dir='ltr' id='par_1_2' title="bbox 602 677 2680 1051">
     <span class='ocr_line' id='line_1_2' title="bbox 622 677 2680 786; baseline 0.001 -30"><span class='ocrx_word' id='word_1_2' title='bbox 622 683 1006 782; x_wconf 71' lang='grc' dir='ltr'>Ηράκλεια,</span> <span class='ocrx_word' id='word_1_3' title='bbox 1079 686 1188 756; x_wconf 80' lang='grc' dir='ltr'>καὶ</span> <span class='ocrx_word' id='word_1_4' title='bbox 1262 686 1429 779; x_wconf 86' lang='grc' dir='ltr'>μετὰ</span> <span class='ocrx_word' id='word_1_5' title='bbox 1482 691 1687 758; x_wconf 81' lang='grc' dir='ltr'>ταῦτα</span> <span class='ocrx_word' id='word_1_6' title='bbox 1732 677 2091 780; x_wconf 76' lang='grc' dir='ltr'>Ἄττεα,</span> <span class='ocrx_word' id='word_1_7' title='bbox 2148 688 2265 759; x_wconf 76' lang='grc' dir='ltr'>εἶτ’</span> <span class='ocrx_word' id='word_1_8' title='bbox 2327 685 2680 786; x_wconf 79' lang='grc' dir='ltr'>Ἀταρνεὺς</span> 
     </span>
     <span class='ocr_line' id='line_1_3' title="bbox 602 819 2131 923; baseline 0.001 -32"><span class='ocrx_word' id='word_1_9' title='bbox 602 822 710 892; x_wconf 78' lang='grc' dir='ltr'>καὶ</span> <span class='ocrx_word' id='word_1_10' title='bbox 766 819 1022 916; x_wconf 84' lang='grc' dir='ltr'><strong>Πιτάνη</strong></span> <span class='ocrx_word' id='word_1_11' title='bbox 1077 822 1184 892; x_wconf 81' lang='grc' dir='ltr'>καὶ</span> <span class='ocrx_word' id='word_1_12' title='bbox 1240 826 1307 892; x_wconf 80' lang='grc' dir='ltr'>αἱ</span> <span class='ocrx_word' id='word_1_13' title='bbox 1358 829 1472 892; x_wconf 81' lang='grc' dir='ltr'>τοῦ</span> <span class='ocrx_word' id='word_1_14' title='bbox 1528 821 1784 894; x_wconf 81' lang='grc' dir='ltr'>Καΐκου</span> <span class='ocrx_word' id='word_1_15' title='bbox 1841 824 2131 923; x_wconf 82' lang='grc' dir='ltr'>ἐκβολαί.</span> 
     </span>
     <span class='ocr_line' id='line_1_4' title="bbox 687 953 1793 1051; baseline 0.002 -24"><span class='ocrx_word' id='word_1_16' title='bbox 687 956 1145 1051; x_wconf 84' lang='lat' dir='ltr'><strong>Legendum</strong></span> <span class='ocrx_word' id='word_1_17' title='bbox 1203 970 1352 1030; x_wconf 87' lang='lat' dir='ltr'><strong>est:</strong></span> <span class='ocrx_word' id='word_1_18' title='bbox 1400 953 1793 1033; x_wconf 82' lang='grc' dir='ltr'>Ἃτταια.</span> 
     </span>
    </p>
   </div>
   <div class='ocr_carea' id='block_1_3' title="bbox 1572 1183 1697 1254">
    <p class='ocr_par' dir='ltr' id='par_1_3' title="bbox 1572 1183 1697 1254">
     <span class='ocr_line' id='line_1_5' title="bbox 1572 1183 1697 1254; baseline 0.016 -2"><span class='ocrx_word' id='word_1_19' title='bbox 1572 1183 1697 1254; x_wconf 86' lang='grc' dir='ltr'>ΙΧ.</span> 
     </span>
    </p>
   </div>
   <div class='ocr_carea' id='block_1_4' title="bbox 606 1403 2679 1784">
    <p class='ocr_par' dir='ltr' id='par_1_4' title="bbox 606 1403 2679 1784">
     <span class='ocr_line' id='line_1_6' title="bbox 708 1403 1682 1501; baseline 0.001 -25"><span class='ocrx_word' id='word_1_20' title='bbox 708 1406 926 1477; x_wconf 90' lang='lat' dir='ltr'>Hom.</span> <span class='ocrx_word' id='word_1_21' title='bbox 983 1403 1216 1501; x_wconf 78' lang='lat' dir='ltr'><strong>Odys,</strong></span> <span class='ocrx_word' id='word_1_22' title='bbox 1274 1405 1415 1476; x_wconf 92' lang='lat' dir='ltr'>XII</span> <span class='ocrx_word' id='word_1_23' title='bbox 1456 1431 1470 1476; x_wconf 76' lang='grc' dir='ltr'>ε</span> <span class='ocrx_word' id='word_1_24' title='bbox 1519 1428 1682 1499; x_wconf 83' lang='lat'>251.</span> 
     </span>
     <span class='ocr_line' id='line_1_7' title="bbox 708 1536 2679 1647; baseline 0.002 -34"><span class='ocrx_word' id='word_1_25' title='bbox 708 1550 799 1622; x_wconf 81' lang='grc' dir='ltr'>ὡς</span> <span class='ocrx_word' id='word_1_26' title='bbox 887 1540 1039 1614; x_wconf 83' lang='grc' dir='ltr'>δ’ὅτ’</span> <span class='ocrx_word' id='word_1_27' title='bbox 1132 1546 1242 1615; x_wconf 80' lang='grc' dir='ltr'>ἐπὶ</span> <span class='ocrx_word' id='word_1_28' title='bbox 1322 1546 1632 1645; x_wconf 81' lang='grc' dir='ltr'>προβόλῳ</span> <span class='ocrx_word' id='word_1_29' title='bbox 1714 1546 1937 1625; x_wconf 78' lang='grc' dir='ltr'>ἁλιεὺς</span> <span class='ocrx_word' id='word_1_30' title='bbox 2017 1536 2376 1644; x_wconf 74' lang='grc' dir='ltr'>περιμήκεϊ</span> <span class='ocrx_word' id='word_1_31' title='bbox 2454 1547 2679 1647; x_wconf 82' lang='grc' dir='ltr'>ῥάβδῳ</span> 
     </span>
     <span class='ocr_line' id='line_1_8' title="bbox 606 1680 2678 1784; baseline 0.002 -34"><span class='ocrx_word' id='word_1_32' title='bbox 606 1680 917 1778; x_wconf 79' lang='grc' dir='ltr'><strong>ἰχθύσι</strong></span> <span class='ocrx_word' id='word_1_33' title='bbox 972 1681 1185 1751; x_wconf 86' lang='grc' dir='ltr'>τοῖσ’</span> <span class='ocrx_word' id='word_1_34' title='bbox 1245 1683 1624 1776; x_wconf 80' lang='grc' dir='ltr'>ὀλίγοισι</span> <span class='ocrx_word' id='word_1_35' title='bbox 1675 1684 1865 1753; x_wconf 81' lang='grc' dir='ltr'>δόλον</span> <span class='ocrx_word' id='word_1_36' title='bbox 1905 1684 2074 1755; x_wconf 87' lang='grc' dir='ltr'>κατὰ</span> <span class='ocrx_word' id='word_1_37' title='bbox 2115 1684 2349 1755; x_wconf 80' lang='grc' dir='ltr'>εἴδατα</span> <span class='ocrx_word' id='word_1_38' title='bbox 2389 1684 2678 1784; x_wconf 85' lang='grc' dir='ltr'>βάλλων.</span> 
     </span>
    </p>
   </div>
   <div class='ocr_carea' id='block_1_5' title="bbox 708 1817 2677 1917">
    <p class='ocr_par' dir='ltr' id='par_1_5' title="bbox 708 1817 2677 1917">
     <span class='ocr_line' id='line_1_9' title="bbox 708 1817 2677 1917; baseline 0.002 -29"><span class='ocrx_word' id='word_1_39' title='bbox 708 1817 1149 1911; x_wconf 84' lang='lat' dir='ltr'><strong>Legendum</strong></span> <span class='ocrx_word' id='word_1_40' title='bbox 1203 1842 1581 1912; x_wconf 84' lang='lat' dir='ltr'>propono:</span> <span class='ocrx_word' id='word_1_41' title='bbox 1658 1820 2026 1916; x_wconf 80' lang='grc' dir='ltr'>ἰχθύσιν</span> <span class='ocrx_word' id='word_1_42' title='bbox 2085 1821 2677 1917; x_wconf 77' lang='grc' dir='ltr'>ὠμοφάγοισι.</span> 
     </span>
    </p>
   </div>
   <div class='ocr_carea' id='block_1_6' title="bbox 1591 2053 1683 2122">
    <p class='ocr_par' dir='ltr' id='par_1_6' title="bbox 1591 2053 1683 2122">
     <span class='ocr_line' id='line_1_10' title="bbox 1591 2053 1683 2122; baseline 0 0"><span class='ocrx_word' id='word_1_43' title='bbox 1591 2053 1683 2122; x_wconf 89' lang='grc' dir='ltr'>Χ.</span> 
     </span>
    </p>
   </div>
   <div class='ocr_carea' id='block_1_7' title="bbox 417 2224 457 2267">
    <p class='ocr_par' dir='ltr' id='par_1_7' title="bbox 417 2224 457 2267">
     <span class='ocr_line' id='line_1_11' title="bbox 417 2224 457 2267; baseline 0 -3"><span class='ocrx_word' id='word_1_44' title='bbox 417 2224 457 2267; x_wconf 72' lang='grc' dir='ltr'><strong><em>Ι</em></strong></span> 
     </span>
    </p>
   </div>
   <div class='ocr_carea' id='block_1_8' title="bbox 592 2281 2681 3067">
    <p class='ocr_par' dir='ltr' id='par_1_8' title="bbox 592 2281 2681 3067">
     <span class='ocr_line' id='line_1_12' title="bbox 711 2281 2680 2381; baseline 0.002 -30"><span class='ocrx_word' id='word_1_45' title='bbox 711 2281 1163 2375; x_wconf 84' lang='lat' dir='ltr'>Theognidis</span> <span class='ocrx_word' id='word_1_46' title='bbox 1235 2285 1544 2378; x_wconf 83' lang='lat' dir='ltr'><strong>Elegiae</strong></span> <span class='ocrx_word' id='word_1_47' title='bbox 1620 2284 1814 2381; x_wconf 80' lang='lat' dir='ltr'><strong>(edit.</strong></span> <span class='ocrx_word' id='word_1_48' title='bbox 1889 2284 2213 2378; x_wconf 82' lang='lat' dir='ltr'><strong>Ziegle&#39;r‚</strong></span> <span class='ocrx_word' id='word_1_49' title='bbox 2291 2283 2680 2377; x_wconf 82' lang='lat' dir='ltr'><strong>Tubingae</strong></span> 
     </span>
     <span class='ocr_line' id='line_1_13' title="bbox 622 2417 1241 2515; baseline 0.005 -26"><span class='ocrx_word' id='word_1_50' title='bbox 622 2417 841 2515; x_wconf 89' lang='lat'><em>1880)</em></span> <span class='ocrx_word' id='word_1_51' title='bbox 895 2445 962 2491; x_wconf 89' lang='lat' dir='ltr'>v.</span> <span class='ocrx_word' id='word_1_52' title='bbox 1035 2444 1241 2511; x_wconf 84' lang='lat'>1013.</span> 
     </span>
     <span class='ocr_line' id='line_1_14' title="bbox 592 2552 2469 2663; baseline 0.002 -35"><span class='ocrx_word' id='word_1_53' title='bbox 592 2552 683 2629; x_wconf 51' lang='lat' dir='ltr'>‘A</span> <span class='ocrx_word' id='word_1_54' title='bbox 743 2559 960 2657; x_wconf 86' lang='grc' dir='ltr'>μάκαρ</span> <span class='ocrx_word' id='word_1_55' title='bbox 1018 2562 1349 2657; x_wconf 78' lang='grc' dir='ltr'>εὐδαίμων</span> <span class='ocrx_word' id='word_1_56' title='bbox 1405 2589 1478 2633; x_wconf 97' lang='grc' dir='ltr'>τε</span> <span class='ocrx_word' id='word_1_57' title='bbox 1533 2565 1642 2634; x_wconf 80' lang='grc' dir='ltr'>καὶ</span> <span class='ocrx_word' id='word_1_58' title='bbox 1698 2564 1917 2663; x_wconf 79' lang='grc' dir='ltr'>ὄλβιος</span> <span class='ocrx_word' id='word_1_59' title='bbox 1971 2563 2145 2641; x_wconf 81' lang='grc' dir='ltr'>ὅστις</span> <span class='ocrx_word' id='word_1_60' title='bbox 2200 2563 2469 2659; x_wconf 82' lang='grc' dir='ltr'>ἄπειρος</span> 
     </span>
     <span class='ocr_line' id='line_1_15' title="bbox 815 2696 2367 2799; baseline 0.005 -35"><span class='ocrx_word' id='word_1_61' title='bbox 815 2696 1044 2767; x_wconf 82' lang='grc' dir='ltr'>ἄθλων</span> <span class='ocrx_word' id='word_1_62' title='bbox 1102 2702 1195 2777; x_wconf 84' lang='grc' dir='ltr'>εἰς</span> <span class='ocrx_word' id='word_1_63' title='bbox 1253 2697 1493 2771; x_wconf 85' lang='grc' dir='ltr'>Ἀίδεω</span> <span class='ocrx_word' id='word_1_64' title='bbox 1548 2701 1743 2794; x_wconf 85' lang='grc' dir='ltr'>δῶμα</span> <span class='ocrx_word' id='word_1_65' title='bbox 1796 2702 2005 2795; x_wconf 80' lang='grc' dir='ltr'>μέλαν</span> <span class='ocrx_word' id='word_1_66' title='bbox 2062 2700 2367 2799; x_wconf 72' lang='grc' dir='ltr'>καταβῇ,</span> 
     </span>
     <span class='ocr_line' id='line_1_16' title="bbox 607 2836 2681 2938; baseline -0.003 -27"><span class='ocrx_word' id='word_1_67' title='bbox 607 2843 754 2938; x_wconf 87' lang='grc' dir='ltr'>πρίν</span> <span class='ocrx_word' id='word_1_68' title='bbox 819 2837 1160 2938; x_wconf 78' lang='grc' dir='ltr'>γ’ἐχθρους</span> <span class='ocrx_word' id='word_1_69' title='bbox 1211 2838 1455 2932; x_wconf 78' lang='grc' dir='ltr'>πτῆξαι</span> <span class='ocrx_word' id='word_1_70' title='bbox 1510 2838 1619 2908; x_wconf 80' lang='grc' dir='ltr'>καὶ</span> <span class='ocrx_word' id='word_1_71' title='bbox 1675 2837 2130 2937; x_wconf 80' lang='grc' dir='ltr'>ὑπερβῆναί</span> <span class='ocrx_word' id='word_1_72' title='bbox 2181 2863 2327 2933; x_wconf 94' lang='grc' dir='ltr'>περ</span> <span class='ocrx_word' id='word_1_73' title='bbox 2383 2836 2681 2931; x_wconf 72' lang='grc' dir='ltr'>ἀνάγκῃ,</span> 
     </span>
     <span class='ocr_line' id='line_1_17' title="bbox 813 2972 2336 3067; baseline -0.004 -20"><span class='ocrx_word' id='word_1_74' title='bbox 813 2976 1116 3056; x_wconf 78' lang='grc' dir='ltr'>ἐξετάσαι</span> <span class='ocrx_word' id='word_1_75' title='bbox 1171 2998 1244 3044; x_wconf 92' lang='grc' dir='ltr'>τε</span> <span class='ocrx_word' id='word_1_76' title='bbox 1301 2975 1570 3066; x_wconf 75' lang='grc' dir='ltr'>φίλους,</span> <span class='ocrx_word' id='word_1_77' title='bbox 1628 2972 1826 3042; x_wconf 80' lang='grc' dir='ltr'>ὅντιν’</span> <span class='ocrx_word' id='word_1_78' title='bbox 1883 2974 2109 3067; x_wconf 78' lang='grc' dir='ltr'>ἔχουσι</span> <span class='ocrx_word' id='word_1_79' title='bbox 2165 2973 2336 3042; x_wconf 83' lang='grc' dir='ltr'>νόον.</span> 
     </span>
    </p>
   </div>
   <div class='ocr_carea' id='block_1_9' title="bbox 713 3113 1916 3207">
    <p class='ocr_par' dir='ltr' id='par_1_9' title="bbox 713 3113 1916 3207">
     <span class='ocr_line' id='line_1_18' title="bbox 713 3113 1916 3207; baseline -0.005 -23"><span class='ocrx_word' id='word_1_80' title='bbox 713 3113 1081 3206; x_wconf 81' lang='lat' dir='ltr'><strong>Legatur:</strong></span> <span class='ocrx_word' id='word_1_81' title='bbox 1163 3115 1719 3204; x_wconf 79' lang='grc' dir='ltr'>ὑπεκστῆναι</span> <span class='ocrx_word' id='word_1_82' title='bbox 1792 3115 1916 3207; x_wconf 79' lang='grc' dir='ltr'>τῇ.</span> 
     </span>
    </p>
   </div>
   <div class='ocr_carea' id='block_1_10' title="bbox 549 3557 2683 4221">
    <p class='ocr_par' dir='ltr' id='par_1_10' title="bbox 549 3557 2683 4221">
     <span class='ocr_line' id='line_1_19' title="bbox 654 3557 1486 3674; baseline -0.006 -23"><span class='ocrx_word' id='word_1_83' title='bbox 654 3557 657 3562; x_wconf 68' lang='lat'><em>&#39;</em></span> <span class='ocrx_word' id='word_1_84' title='bbox 710 3579 1045 3674; x_wconf 81' lang='lat' dir='ltr'><strong>Thucyd.</strong></span> <span class='ocrx_word' id='word_1_85' title='bbox 1102 3577 1168 3662; x_wconf 88' lang='lat'>1,</span> <span class='ocrx_word' id='word_1_86' title='bbox 1228 3601 1362 3666; x_wconf 79' lang='lat'>34,</span> <span class='ocrx_word' id='word_1_87' title='bbox 1427 3598 1486 3646; x_wconf 89' lang='lat'>2.</span> 
     </span>
     <span class='ocr_line' id='line_1_20' title="bbox 712 3703 2682 3813; baseline -0.003 -27"><span class='ocrx_word' id='word_1_88' title='bbox 712 3714 1213 3813; x_wconf 80' lang='grc' dir='ltr'>Προκληθέντες</span> <span class='ocrx_word' id='word_1_89' title='bbox 1248 3715 1371 3812; x_wconf 85' lang='grc' dir='ltr'>γὰρ</span> <span class='ocrx_word' id='word_1_90' title='bbox 1407 3715 1559 3812; x_wconf 82' lang='grc' dir='ltr'>περὶ</span> <span class='ocrx_word' id='word_1_91' title='bbox 1601 3711 2010 3809; x_wconf 85' lang='grc' dir='ltr'>Ἐπιδάμνου</span> <span class='ocrx_word' id='word_1_92' title='bbox 2049 3716 2116 3792; x_wconf 81' lang='grc' dir='ltr'>ἐς</span> <span class='ocrx_word' id='word_1_93' title='bbox 2153 3715 2357 3810; x_wconf 86' lang='grc' dir='ltr'>κρίσιν</span> <span class='ocrx_word' id='word_1_94' title='bbox 2404 3703 2682 3807; x_wconf 80' lang='grc' dir='ltr'>πολέμῳ</span> 
     </span>
     <span class='ocr_line' id='line_1_21' title="bbox 613 3849 2683 3951; baseline -0.003 -27"><span class='ocrx_word' id='word_1_95' title='bbox 613 3854 863 3947; x_wconf 86' lang='grc' dir='ltr'>μᾶλλον</span> <span class='ocrx_word' id='word_1_96' title='bbox 956 3853 1002 3946; x_wconf 80' lang='grc' dir='ltr'>ἢ</span> <span class='ocrx_word' id='word_1_97' title='bbox 1100 3859 1216 3948; x_wconf 76' lang='grc' dir='ltr'>τῷ</span> <span class='ocrx_word' id='word_1_98' title='bbox 1303 3855 1463 3948; x_wconf 79' lang='grc' dir='ltr'>ἴσῳ</span> <span class='ocrx_word' id='word_1_99' title='bbox 1556 3849 2031 3951; x_wconf 78' lang='grc' dir='ltr'>ἐβουλήθησαν</span> <span class='ocrx_word' id='word_1_100' title='bbox 2123 3849 2205 3920; x_wconf 84' lang='grc' dir='ltr'>τὰ</span> <span class='ocrx_word' id='word_1_101' title='bbox 2295 3849 2683 3945; x_wconf 77' lang='grc' dir='ltr'>ἐγκλήματα</span> 
     </span>
     <span class='ocr_line' id='line_1_22' title="bbox 549 3988 981 4083; baseline -0.005 -23"><span class='ocrx_word' id='word_1_102' title='bbox 549 4010 567 4031; x_wconf 90' lang='grc'>··</span> <span class='ocrx_word' id='word_1_103' title='bbox 614 3988 981 4083; x_wconf 84' lang='grc' dir='ltr'>μετελθεῖν.</span> 
     </span>
     <span class='ocr_line' id='line_1_23' title="bbox 717 4127 1270 4221; baseline -0.005 -23"><span class='ocrx_word' id='word_1_104' title='bbox 717 4127 966 4220; x_wconf 83' lang='lat' dir='ltr'><strong>Lege:</strong></span> <span class='ocrx_word' id='word_1_105' title='bbox 1050 4128 1270 4221; x_wconf 80' lang='grc' dir='ltr'>δίκῃ.</span> 
     </span>
    </p>
   </div>
  </div>
 </body>
</html>
