3469 5063
1637 508 1719 573 13

742 690 1007 761 Forma
1061 703 1321 762 neutra
1376 688 1699 762 adhibita
1754 714 1917 763 esse
1972 690 2261 762 videtur
2280 748 2297 773 ,
2362 716 2454 763 ne
2511 691 2708 765 urbis

636 842 710 899 et
756 825 1151 900 conditoris
1187 827 1389 900 urbis
1426 827 1718 899 nomina
1749 827 2373 900 confunderentur
2400 828 2585 901 inter
2613 854 2712 903 se.

742 967 940 1038 Urbs
1010 966 1458 1060 Pergamum
1531 964 2005 1039 verisimiliter
2056 966 2223 1038 inde
2280 991 2325 1038 a
2380 980 2713 1063 tempore

636 1103 1035 1174 Alexandri
1083 1104 1345 1198 Magni
1382 1105 1675 1176 demum
1725 1105 2230 1196 contendebat
2265 1129 2344 1178 se
2376 1130 2421 1177 a
2460 1107 2712 1202 Neop-

634 1238 955 1338 tolemi1)
1039 1242 1277 1340 (unius
1357 1267 1449 1315 ex
1531 1229 1770 1315 Aeaci
1822 1242 2166 1340 posteris)
2243 1243 2390 1315 filio
2446 1269 2712 1317 nomen

578 1484 585 1488 ἢ
636 1381 1031 1475 accepisse.
1141 1381 1374 1476 Apud
1426 1373 1966 1476 Euphorionem
1995 1378 2046 1478 2)
2084 1382 2434 1477 legimus:
2475 1383 2712 1479 Eury-

635 1489 852 1615 pylus
882 1577 895 1590 .
929 1577 941 1590 .
974 1577 1033 1591 ..
1105 1519 1413 1614 Telephi
1486 1520 1672 1592 finus
1703 1577 1762 1590 ..
1803 1576 1857 1589 ,.
1934 1519 2100 1605 fuit,
2183 1520 2306 1614 qui
2378 1520 2712 1617 Grynum

634 1658 1070 1752 procreavit.
1179 1660 1245 1731 Is
1322 1683 1489 1731 cum
1555 1659 1782 1753 patris
1839 1672 2282 1754 occupasset
2334 1659 2711 1754 imperium

636 1811 710 1867 et
797 1798 995 1869 bello
1085 1822 1130 1869 a
1221 1797 1529 1870 finitimis
1629 1811 2147 1892 temptaretur,
2228 1798 2712 1893 Pergamum,

640 1936 1115 2031 Neoptolemi
1168 1950 1243 2008 et
1298 1936 1866 2010 Andromaches
1924 1937 2183 2022 filium,
2231 1938 2328 2008 ad
2374 1936 2712 2009 auxilium

635 2077 727 2146 de
783 2074 1006 2170 Epiro
1060 2076 1524 2170 provocavit,
1585 2101 1630 2148 a
1686 2102 1837 2170 quo
1876 2076 2223 2149 defensus
2259 2077 2446 2148 duas
2491 2050 2714 2159 urbes

638 2212 995 2299 condidit,
1050 2239 1272 2286 unam
1327 2208 1812 2309 Pergamum,
1866 2216 1959 2287 de
2016 2213 2304 2285 nomine
2334 2214 2710 2308 Pergami,

635 2351 937 2423 alteram
1038 2351 1397 2447 Grynium
1497 2377 1590 2424 ex
1679 2377 2038 2447 responso
2139 2351 2498 2446 Apollinis
2571 2365 2709 2423 etc.

638 2491 1078 2565 PAUSANIAS
1152 2492 1209 2577 I,
1298 2515 1372 2563 11
1405 2550 1422 2574 ‚
1488 2515 1524 2563 2
1603 2516 1902 2587 quoque
1973 2491 2297 2565 fabulam
2370 2488 2713 2586 Pergami

638 2629 1028 2702 memoriae
1111 2631 1366 2701 tradit:
1477 2630 1717 2729 Πύῤῥῳ
1798 2640 1951 2718 παῖς
2024 2634 2097 2701 ἐκ
2172 2631 2290 2724 μὲν
2361 2625 2708 2727 Ἑρμιόνης

637 2771 894 2862 ἐγένετο
983 2770 1226 2861 οὐδεὶς,
1318 2771 1385 2849 ἐξ
1465 2766 1926 2865 Ἀνδρομάχης
2015 2768 2086 2837 δὲ
2175 2763 2510 2844 Μόλισσος
2601 2767 2708 2837 καὶ

636 3010 829 3053 Scholia
870 3009 1054 3052 Graeca
1098 3009 1145 3051 in
1193 3008 1396 3052 Homeri
1439 3008 1642 3051 Iliadem
1686 3007 1777 3065 (ed.
1816 3007 2109 3062 Dindorfius
2149 3005 2298 3050 Oxon.
2335 3008 2472 3063 1875)
2503 3005 2587 3055 IV,
2619 3007 2707 3061 508

648 3120 849 3184 Ομηρος
878 3110 936 3164 δὲ
953 3110 1111 3182 μόνην
1135 3111 1229 3168 τὴν
1250 3117 1340 3171 τῆς
1360 3105 1512 3163 Ἰλίου
1535 3108 1812 3181 ἀκρόπολιν
1833 3111 2103 3180 Πέργαμον
2126 3107 2270 3160 καλὲι
2292 3148 2305 3172 ,
2332 3107 2377 3161 οἱ
2400 3106 2457 3160 δὲ
2478 3110 2710 3178 νεώτεροι

636 3210 802 3269 πάσας
843 3209 934 3268 τὰς
967 3206 1284 3279 ἀκροπόλεις.
1355 3218 1554 3262 Servius
1585 3219 1647 3261 ad
1675 3217 1889 3275 Vergilii
1921 3216 2042 3260 Aen.
2077 3217 2122 3266 Ι,
2154 3226 2214 3272 95
2249 3229 2306 3259 ex
2337 3216 2514 3272 quibus
2547 3215 2711 3258 omnia

632 3318 732 3362 alta
758 3325 990 3375 pergama
1021 3323 1257 3363 vocantur
1285 3317 1405 3360 sicut
1436 3315 1650 3373 Aes-chyl.
1684 3315 1927 3358 Prometlz
1963 3325 2022 3371 95
2027 3325 2082 3370 5
2119 3313 2349 3370 Euripid.
2385 3313 2562 3356 Phoen.
2591 3325 2710 3367 1105

632 3417 690 3459 de
730 3428 840 3459 arce
881 3414 1133 3458 Thebana.
1195 3413 1393 3470 Alioqui
1427 3402 1456 3459 ἡ
1506 3403 1771 3472 Πέργαμος
1812 3419 1884 3456 est
1925 3412 2092 3456 civitas
2123 3410 2293 3467 Asiae3
2343 3409 2475 3465 apud
2510 3408 2708 3452 Latinos

634 3513 893 3570 Pergamus
923 3518 968 3556 et
1002 3512 1312 3568 Pergamum,
1351 3510 1434 3554 sed
1466 3509 1609 3567 longe
1636 3509 1933 3566 frequentius
1965 3518 2023 3549 το
2065 3485 2381 3568 Πέργαμον.’

698 3610 730 3668 ι)
765 3611 804 3654 Ε
835 3610 953 3654 locis
996 3609 1240 3652 Thesauri
1277 3607 1450 3651 Graeci
1479 3619 1626 3663 supra
1657 3620 1704 3663 p.
1742 3620 1799 3650 12
1831 3606 2038 3651 laudatis
2070 3606 2208 3650 facile
2225 3611 2424 3662 apparet
2454 3617 2483 3647 a
2503 3603 2597 3647 situ
2618 3616 2709 3647 suo

637 3707 798 3749 urbem
842 3696 1107 3766 Πέργαμον
1143 3705 1433 3762 appellatam
1467 3715 1586 3749 ess'e.

698 3801 733 3857 ²)
765 3801 824 3844 A.
858 3801 1148 3853 MmNEKE,
1183 3801 1415 3846 Analecta
1449 3801 1794 3846 Alexandrina
1825 3800 1983 3859 (1843)
2015 3801 2182 3858 fragm.
2216 3802 2276 3856 46
2309 3806 2355 3844 et
2389 3799 2623 3844 SERvms
2648 3799 2708 3842 ad

640 3897 861 3941 venen..
895 3897 1057 3954 Eclog.
1092 3899 1184 3949 VI,
1216 3912 1293 3954 72.
1327 3897 1925 3950 EupnoR1oN,Chalcide
1948 3898 2178 3943 Euboeae
2199 3895 2708 3947 oriundus,Antiochi

640 3993 807 4049 Magni
853 3994 977 4051 regis
1025 3992 1192 4050 Syriae
1237 3994 1557 4040 bibliothecae
1589 3979 1888 4052 praefectus,
1921 4006 2100 4050 magna
2132 3993 2248 4037 olim
2281 3992 2409 4036 fama
2442 3990 2631 4041 floruit,
2664 3996 2709 4033 et

638 4094 958 4150 Euphorionis
1006 4099 1059 4136 ut
1106 4100 1370 4138 ceterorum
1416 4093 1850 4138 Alexandrinorum
1892 4095 2144 4146 poetarum
2186 4101 2365 4145 magna
2403 4087 2492 4131 fuit
2526 4087 2708 4130 Romae

633 4190 930 4235 existimatio.
