3469 5063
1617 510 1711 576 43

629 694 919 766 minoris
975 692 1249 765 moduli
1301 692 1629 787 reliquis,
1696 718 1937 788 neque
1994 694 2306 767 eandem
2360 693 2704 778 formam,

623 838 852 929 sigma
906 831 1095 904 enim
1150 845 1227 903 et
1272 832 1362 924 pi
1410 831 1683 926 ubique
1740 797 1921 915 {et
1975 831 2036 903 Π
2091 856 2228 926 pro
2295 834 2706 905 recentiore

627 973 861 1043 forma
943 971 995 1041 Σ
1076 989 1151 1042 et
1232 968 1292 1040 Π
1372 994 1453 1043 se
1536 969 1917 1053 exhibent,
1995 992 2235 1065 neque
2307 970 2706 1043 litterarum

626 1110 916 1204 species
954 1133 1191 1204 aeque
1230 1108 1575 1181 absoluta
1614 1122 1691 1181 et
1725 1110 2055 1203 perfecta
2095 1123 2208 1181 est
2245 1133 2334 1181 ac
2375 1123 2706 1204 tempore

630 1274 890 1343 regum
946 1248 1379 1320 ultimorum.

729 1384 794 1458 E
847 1387 1112 1483 quibus
1167 1386 1622 1481 argumentis
1678 1402 2023 1482 apparet,
2081 1412 2227 1458 non
2286 1388 2621 1459 Attalum
2679 1389 2706 1458 I

629 1528 984 1599 victorem
1040 1525 1294 1611 fuisse,
1352 1527 1478 1621 qui
1533 1552 1685 1622 quo
1723 1520 1919 1598 anno
1956 1526 2408 1599 Philetaerus
2446 1527 2709 1599 obierit

628 1691 812 1761 puer
883 1666 1210 1761 quinque
1281 1690 1638 1737 annorum
1695 1679 1928 1750 esset,
1985 1666 2119 1737 sed
2174 1665 2327 1738 eius
2381 1680 2705 1760 patrem,

626 1812 1012 1886 Philetaeri
1064 1812 1395 1896 fratrem,
1453 1812 1572 1883 cui
1628 1811 1800 1884 item
1849 1836 2116 1884 nomen
2156 1811 2457 1885 Attalus
2494 1813 2708 1885 fuerit

627 1953 824 2025 (vide
879 1951 1408 2046 genealogiam
1463 1974 1532 2044 p.
1593 1949 1738 2047 31).

731 2092 939 2163 Uxor
960 2147 977 2181 ,
1060 2114 1283 2185 quam
1357 2089 1655 2162 Attalus
1710 2089 1829 2162 ille
1885 2090 2232 2175 duxerat,
2291 2108 2451 2164 erat
2503 2091 2710 2164 Anti-

628 2230 868 2335 ochis.
939 2229 1226 2301 Achaei
1302 2227 1447 2300 filia
1475 2224 1564 2326 1),
1640 2227 1844 2300 cuius
1908 2252 2236 2301 sororem
2293 2229 2709 2303 Antiochus

631 2371 874 2453 Deus·‚
957 2367 1314 2463 Syrorum
1389 2392 1551 2451 rex,
1624 2367 1693 2438 in
1771 2366 2302 2438 matrimonium
2377 2369 2709 2441 duxerat.

628 2507 1009 2604 Dignitate
1092 2505 1504 2602 opibusque
1586 2505 1733 2580 suis
1817 2504 2118 2579 Attalus
2158 2506 2408 2601 -igitur
2478 2522 2710 2581 certa-

630 2650 903 2721 minum
977 2662 1125 2720 tam
1181 2662 1780 2741 sumptuosorum
1837 2647 2282 2742 equestrium
2337 2646 2710 2743 particeps

627 2812 790 2860 esse
835 2786 1108 2880 potuit,
1148 2800 1222 2857 et
1259 2784 1637 2859 verisimile
1676 2800 1824 2870 est,
1865 2786 2356 2858 Philetaerum
2395 2787 2720 2881 pecunia·

627 2950 836 2997 suum
883 2926 1178 2997 fratrem
1228 2923 1611 2997 adiuvisse.
1666 2923 1992 2996 Victoria
2041 2923 2430 3020 Olympiae
2461 2952 2707 3020 repor-

628 3079 783 3136 tata
856 3088 1001 3135 non
1075 3063 1310 3135 solum
1382 3062 1734 3135 victorem
1758 3119 1774 3146 ‚
1848 3087 2103 3135 verum
2188 3063 2403 3135 etiam
2478 3079 2706 3137 totam

625 3201 962 3275 familiam
1040 3202 1322 3273 honore
1407 3201 1796 3297 gloriaque
1871 3226 2153 3295 augere
2227 3203 2519 3276 solebat
2592 3204 2707 3302 (cf.

624 3341 919 3414 Pindari
972 3339 1324 3437 epinicia).
1416 3341 1607 3413 Puto
1653 3339 1916 3435 igitur,
1972 3343 2204 3413 verba
2263 3344 2509 3441 ,,φήμα
2560 3340 2709 3424 ὃέἰς

628 3481 1015 3580 Φιλέταιρον
1088 3473 1300 3577 ἢλθε”
1365 3480 1752 3552 referenda
1812 3503 1976 3553 esse
2031 3481 2128 3552 ad
2181 3480 2707 3567 Philetaerum,

628 3622 751 3714 qui
806 3646 1120 3715 regnum
1177 3622 1723 3717 Pergamenum
1783 3621 2125 3694 condidit.

525 3734 529 3738 .
731 3760 956 3852 Apud
1030 3759 1450 3855 Diogenem
1526 3761 1942 3847 Laenium,
2017 3762 2150 3846 IV,
2227 3767 2306 3847 6,
2374 3785 2509 3853 3o,
2565 3764 2707 3834 hoc

694 4093 728 4148 ¹)
761 4095 980 4139 S'rRABo
1027 4094 1081 4139 C.
1114 4107 1161 4151 p.
1195 4093 1311 4152 6234:
1346 4087 1437 4147 ,,ἐκ
1481 4084 1539 4139 δὲ
1574 4078 1829 4138 Ἀττάλου
1865 4086 1951 4138 καὶ
1984 4080 2308 4159 Ἀντιοχίδος
2342 4093 2433 4146 τὴς
2461 4079 2702 4157 Ἀχαιοῦ,

626 4182 849 4250 γεγονὼς
881 4171 1138 4240 ’Ἄτταλος
1179 4178 1446 4244 διεδέξατο
1488 4182 1581 4239 τὴν
1626 4174 1860 4254 &plin-'⁹
