3469 5063
1625 495 1712 565 55

630 681 819 751 deux
861 689 1138 775 rdgents
1153 704 1176 762 ,·
1220 680 1351 750 elle
1406 707 1583 750 nous
1611 681 1783 774 fait
1814 690 2186 751 connaitre
2214 682 2287 751 la
2307 683 2707 777 gandalogz'e

629 818 1120 889 d’EumanesJ’
1997 816 2001 821 ⁴

735 955 811 1029 Si
865 970 1064 1028 recte
1121 955 1555 1042 conicimus,
1611 958 1983 1030 Eumenes
2030 958 2059 1027 I
2108 983 2252 1030 non
2284 956 2436 1030 sine
2468 957 2705 1030 multis

630 1109 705 1167 et
731 1095 1018 1189 magnis
1046 1094 1593 1168 difficultatibus
1621 1120 1861 1167 rerum
1891 1095 2165 1191 potitus
2194 1121 2358 1169 esse
2386 1095 2703 1180 videtur,

629 1258 797 1305 nam
826 1248 997 1328 post
1022 1233 1409 1306 Philetaeri
1435 1248 1743 1306 mortem
1762 1234 2063 1307 rebellio
2084 1234 2702 1308 mercenariorum

631 1372 926 1444 militum
982 1372 1254 1466 erupit,
1310 1375 1403 1445 de
1459 1398 1607 1468 qua
1663 1372 1833 1444 nihil
1880 1375 2178 1445 tradunt
2207 1398 2447 1445 rerum
2479 1372 2703 1468 scrip-

628 1525 864 1597 toreS,
928 1513 1061 1585 sed
1126 1536 1353 1607 ⁴quam
1424 1536 1560 1584 nos
1614 1513 1839 1584 docet
1893 1512 2140 1584 titulus
2192 1513 2704 1607 Pergamenus

627 1650 880 1723 tertius
935 1650 1277 1723 decimus.
1345 1651 1524 1723 Post
1570 1664 1918 1744 quattuor
1948 1675 2237 1723 menses
2266 1650 2700 1724 seditionem

563 1828 569 1834 ·
627 1790 996 1862 Eumenes
1049 1789 1408 1884 repressit.

732 1929 986 2000 Duces
1048 1926 1667 2000 mercenariorum
1724 1927 2130 2023 militesque
2185 1927 2337 2000 iure
2391 1927 2701 1999 iurando

626 2093 705 2140 se
787 2066 1288 2162 adstringunt,
1371 2091 1451 2139 se
1524 2083 1748 2161 pacta
1822 2092 1968 2139 non
2041 2067 2445 2140 violaturos
2512 2092 2698 2139 esse.

625 2207 992 2278 Eumenes
1029 2205 1229 2278 solus
1250 2263 1266 2291 ,
1306 2205 1539 2277 Attali
1575 2205 1762 2277 filius
1783 2264 1798 2291 ‚
1835 2206 1988 2277 iure
2016 2205 2323 2277 iurando
2352 2206 2701 2278 liberatus

626 2359 737 2416 est
792 2369 882 2415 ea
938 2342 1352 2416 conditione
1407 2358 1488 2416 ut
1540 2345 1744 2438 quod
1798 2357 2097 2438 pactum
2154 2358 2348 2417 esset
2399 2358 2699 2415 teneret.

623 2484 932 2556 Videtur
1026 2481 1250 2579 igitur
1345 2483 1515 2555 item
1613 2481 1961 2578 patruelis
2055 2484 2240 2555 alter
2319 2480 2704 2554 Philetaeri

628 2623 939 2696 voluisse
962 2682 977 2709 ‚
1033 2637 1115 2696 ut
1163 2624 1548 2697 successor
1586 2622 1974 2695 Philetaeri
2008 2623 2590 2718 proclamaretur
2627 2634 2702 2692 et

626 2760 997 2833 Eumenes
1048 2762 1077 2831 I
1116 2786 1354 2855 regno
1393 2761 1899 2857 expelleretur.
1975 2760 2344 2833 Eumenes
2384 2759 2699 2833 clemen-

624 2913 769 2968 tem
825 2922 903 2969 se
959 2898 1299 2992 praebuit
1350 2898 1419 2969 in
1476 2897 1970 2970 concedendis
1997 2897 2132 2982 iis,
2188 2922 2382 2992 quae
2447 2897 2700 2970 milites

623 3035 1198 3129 postulaverant.
1308 3034 1876 3108 Postulaverant
1931 3049 2212 3117 autem,
2273 3050 2353 3106 ut
2388 3035 2705 3131 pretium·

627 3173 964 3246 medimni
1016 3173 1356 3246 frumenti
1409 3188 1729 3268 quatuor
1784 3174 2180 3246 drachmae
2228 3188 2477 3246 essent
2502 3173 2699 3246 item-

623 3337 768 3408 que
798 3314 1111 3409 pretium
1141 3326 1495 3385 metretae
1524 3312 1702 3392 viniz
1733 3327 1816 3384 ut
1844 3337 2080 3385 annus
2101 3369 2117 3399 ‚
2155 3312 2223 3384 in
2255 3337 2405 3408 quo
2435 3312 2699 3409 stipen-

624 3453 820 3525 dium
895 3453 1475 3549 persolveretur,
1550 3452 1809 3524 decem
1885 3476 2172 3525 menses
2241 3467 2694 3535 numeraret,

626 3617 813 3665 neve
888 3592 1391 3664 intercalarem
1467 3616 1791 3663 mensem
1864 3591 2204 3676 haberet;
2271 3605 2354 3664 ut
2407 3590 2697 3677 militeS,

625 3728 748 3821 qui
802 3728 1085 3802 militiae
1124 3743 1413 3825 tempus
1443 3728 1936 3825 explevissent
1964 3743 2040 3801 et
2065 3728 2354 3802 invalidi
2384 3755 2697 3826 corpore

625 3868 923 3966 (ἄπεργοι
969 3867 1006 3938 i.
1054 3893 1120 3962 q.
1166 3871 1497 3962 ἀδύνατοι)
1528 3868 1704 3940 facti
1733 3883 2012 3954 essent,
2040 3868 2231 3941 idem
2263 3869 2695 3965 stipendium

623 4003 983 4075 haberent
1028 4007 1229 4098 quod
1274 4020 1527 4089 antea3
1575 4021 1687 4093 ut,
1726 4005 1785 4078 si
1812 4006 2013 4079 miles
2044 4009 2375 4094 caderet,
2405 4008 2697 4104 propin-

624 4141 747 4236 qui
801 4143 1110 4215 heredes
1165 4158 1411 4216 essent
1465 4146 1585 4217 vel
1619 4144 1697 4232 ii,
1737 4170 1926 4240 quos
1964 4147 2351 4219 defunctus
2388 4144 2698 4220 heredes
