3469 5063
1781 492 1867 559 18

777 695 1101 781 illustris;
1197 696 1332 769 sed
1412 664 1595 767 haec
1677 696 1911 767 verba
1992 707 2337 788 spectant
2417 694 2514 766 ad
2596 696 2852 766 urbem

778 836 1227 927 Pergamum
1309 846 1557 906 aetate
1623 834 2103 929 dynastarum
2159 845 2235 905 et
2288 857 2554 928 regum
2608 848 2854 928 poste-

784 972 1072 1045 riorum.

886 1109 1418 1207 Antiquissimis
1496 1107 1687 1181 enim
1768 1107 2222 1203 temporibus
2300 1107 2608 1181 vidimus
2685 1110 2859 1183 Per-

778 1275 1083 1345 gamum
1102 1246 1154 1347 1)
1184 1248 1401 1320 fuisse
1430 1246 1499 1319 in
1529 1247 1757 1319 altum
1786 1245 2081 1333 editum,
2111 1246 2169 1319 si
2199 1271 2365 1319 cum
2387 1261 2634 1319 monte
2658 1273 2857 1321 com-

781 1386 1195 1482 paraveriS‚
1252 1410 1568 1480 parvum
1628 1386 2012 1457 castellum
2070 1385 2406 1483 (STRABO
2460 1412 2520 1458 e.
2567 1412 2636 1481 p.
2668 1392 2761 1460 62
2773 1412 2855 1479 3:

784 1529 1046 1625 ηέρυμα
1081 1529 1149 1596 ἐν
1188 1526 1356 1623 ἄκρᾳ
1393 1525 1912 1625 στροβιλοειδοῦς
1948 1519 2220 1622 ὅρους”).
2259 1524 2533 1597 Postea
2572 1525 2858 1597 moenia

780 1661 1044 1735 sensim
1099 1658 1435 1757 protulit;
1491 1659 2007 1755 Xenophontis
2060 1674 2395 1756 tempore
2441 1665 2618 1734 urbs
2668 1664 2858 1735 ultra

779 1799 972 1871 illam
1010 1799 1301 1898 ,,ἅκραν”
1334 1800 1517 1870 fines
1545 1822 2014 1892 propagasse
2044 1797 2333 1871 videtur
2353 1855 2368 1884 ‚
2401 1824 2568 1871 nam
2600 1802 2858 1873 castel-

587 1944 592 1953 ’
668 1939 687 1952 ’“
770 1934 1524 2028 'lum'Tergamenum
1567 1934 1679 2006 hic
1708 1934 2022 2029 scriptor
2048 1934 2190 2007 iam
2219 1949 2446 2008 vocat
2478 1938 2757 2031 ,,πο’λιν”
2785 1934 2855 2035 2).

886 2072 1055 2145 Alia
1111 2085 1555 2167 argumenta
1578 2129 1593 2159 ,
1650 2097 1846 2168 quae
1902 2074 2165 2146 afferre
2220 2098 2633 2169 possumus,
2688 2089 2858 2149 sunt

779 2213 1001 2284 haec:
1059 2212 1510 2306 Pergamum
1582 2209 1724 2283 iam
1783 2211 2190 2284 Alexandri
2260 2213 2516 2308 magni
2578 2227 2857 2309 tempo-

781 2349 979 2423 ribus
1034 2350 1552 2423 auctoritatem
1599 2351 1974 2446 quandam
2008 2350 2294 2437 habuit,
2334 2353 2449 2424 eff.
2500 2343 2871 2446 JUSTINUs'

781 2490 996 2577 XIII,
1087 2514 1123 2562 2
1150 2549 1166 2577 ‚
1249 2489 1375 2562 ubi
1454 2489 1805 2585 legimus:
1906 2514 2117 2585 „esse
2206 2490 2552 2586 Pergami
2633 2491 2855 2565 filium

783 2628 1184 2706 Alexandri
1225 2641 1477 2699 natum
1521 2652 1615 2700 ex
1643 2627 1995 2699 Barsine''
2025 2641 2102 2700 et
2131 2629 2540 2701 DIODORUS
2569 2630 2741 2712 XX,
2777 2655 2857 2721 9:

786 2766 1328 2865 ,,Πολυσπέρχων
1417 2769 1490 2837 ἐκ
1580 2765 1936 2864 Περγάμου
2027 2770 2500 2865 μετεπέμψατο
2589 2772 2698 2841 τὸν
2789 2773 2861 2840 ἐκ

782 2901 1120 3001 Βαρσίνης
1171 2900 1529 3001 Ἡρακλέα,
1584 2903 1987 3001 τρεφόμενον
2043 2903 2094 2974 δ’
2151 2908 2219 2975 ἐν
2277 2903 2680 3003 Περγάμῳ.”

886 3041 1061 3112 Non
1143 3038 1399 3112 dubito
1420 3097 1437 3122 ,
1524 3038 1694 3135 quin
1781 3039 2082 3113 Barsine
2165 3015 2239 3113 et
2319 3043 2681 3115 Hercules
2734 3043 2861 3115 tali

782 3179 1177 3274 splendore
1251 3145 1595 3273 Pergami
1649 3177 2080 3251 circumdati
2131 3180 2396 3252 fuerint
2450 3179 2684 3275 qualis
2738 3181 2861 3252 de-

784 3319 1006 3389 cebat
1059 3341 1362 3388 uxorem
1418 3329 1495 3387 et
1550 3314 1775 3386 filium
1834 3315 2241 3389 Alexandri
2300 3318 2568 3412 magni.
2651 3318 2860 3389 Veri-

782 3454 1010 3528 simile
1092 3468 1206 3526 est
1284 3451 1540 3547 igitur,
1615 3454 1877 3524 urbem
1957 3449 2133 3522 satis
2214 3474 2564 3544 magnam
2635 3450 2857 3523 fuisse

785 3591 983 3664 initio
1074 3590 1264 3663 tertii
1353 3590 1628 3663 saeculi
1718 3615 1783 3661 a.
1878 3588 2042 3661 Chr.
2124 3601 2270 3660 nat.
2409 3588 2578 3679 Quo
2662 3593 2858 3660 an'no

849 3889 882 3948 ¹)
915 3890 1131 3934 STRABO
1150 3889 1207 3935 C.
1221 3903 1267 3946 p.
1291 3889 1409 3947 623:
1444 3873 1543 3938 ,ὧν
1573 3878 1663 3949 μὲν
1696 3876 1761 3936 δὴ
1795 3876 1852 3930 τὸ
1869 3878 2138 3950 Πέργαμον
2159 3879 2468 3951 Λυσιμάχου
2483 3878 2860 3951 γαζοφυλάκιον

896 4015 907 4027 .
947 4015 960 4027 .
1013 3975 1143 4033 αὐτὴ
1205 3976 1300 4032 τὴν
1346 3972 1508 4046 ἄκραν
1553 3977 1947 4045 συνοικουμένην
1993 3972 2112 4048 ἔχον
2155 3980 2245 4028 τὸυ
2290 3971 2435 4047 ὅρους
2471 4015 2483 4029 .
2524 4015 2537 4029 .
2577 4015 2588 4028 .
2630 4018 2640 4029 .
2689 3975 2862 4028 ε’πεπι-

784 4074 987 4126 στεύετο
1029 4070 1086 4125 δὲ
1127 4072 1221 4129 τὴν
1264 4071 1487 4145 φυλακὴν
1532 4077 1623 4125 τοῦ
1667 4071 1911 4144 ἐρύματος
1954 4060 2173 4125 touton„
2217 4093 2376 4127 κ.τ.ε.

851 4181 886 4238 ²)
918 4180 1165 4225 XENOPH.
1200 4179 1333 4224 Hell.
1367 4180 1457 4231 ΙΙΙ,
1495 4194 1547 4231 1,
1581 4181 1624 4223 6.
