3469 5063
1615 500 1793 569 27·

616 687 976 759 Thraciae
1030 685 1375 759 Ponticas
1422 700 1688 781 gentes
1723 710 1964 780 usque
2004 686 2100 757 ad
2138 685 2695 781 Salmydessum

619 826 912 921 accepit
936 821 1026 921 1),
1069 825 1196 921 qui
1233 838 1485 896 autem
1524 825 1826 896 demum
1865 824 2034 895 inde
2081 847 2126 894 a
2163 836 2497 917 tempore
2543 848 2694 918 quo

618 964 982 1036 Thraciae
1055 976 1130 1035 et
1212 962 1652 1036 Chersonesi
1734 986 1974 1056 regno
2055 962 2333 1056 potitus
2389 975 2538 1047 est,
2612 987 2691 1034 se

618 1102 939 1197 negotiis
985 1102 1521 1175 diadochorum
1551 1102 1962 1173 admiscere
1994 1100 2261 1195 coepit.
2293 1099 2517 1172 Anno
2543 1106 2690 1189 306

615 1266 679 1312 a.
764 1239 953 1339 Chr..
1012 1254 1155 1312 nat.
1241 1239 1608 1334 Antigoni
1690 1253 1767 1311 et
1847 1239 2206 1311 Demetrii
2270 1239 2689 1334 exemplum

615 1392 914 1452 secutus
952 1379 1243 1473 regium
1301 1403 1570 1450 nomen
1640 1378 2130 1473 Lysimachus
2195 1378 2591 1472 assumpsit
2615 1374 2692 1469 2).

615 1517 840 1590 Anno
926 1541 1069 1607 302
1148 1542 1211 1589 a.
1270 1516 1433 1589 Chr.
1490 1529 1633 1588 nat.
1692 1517 2123 1588 societatem
2182 1516 2336 1588 iniit
2380 1510 2435 1609 ³)
2518 1539 2686 1587 cum

613 1657 1047 1728 Ptolemaeo
1068 1713 1084 1741 ‚
1142 1655 1460 1728 Seleuco
1482 1712 1498 1740 ,
1557 1653 1978 1728 Cassandro
2009 1646 2450 1749 (Antipatris
2508 1655 2688 1749 filio)

614 1808 870 1867 contra
926 1794 1411 1889 Antigonum.
1487 1792 1906 1866 Commisso
1945 1794 2043 1871 ad
2080 1794 2328 1888 Ipsum
2357 1790 2412 1887 4)
2452 1795 2690 1888 (oppi-

613 1934 789 2004 dum
873 1946 985 2005 est
1077 1933 1147 2005 in
1230 1932 1558 2027 Phrygia
1641 1931 1843 2003 iuxta
1915 1931 2325 2027 Symnada)
2404 1932 2688 2027 proelio

612 2071 1038 2165 Antigonus
1117 2072 1344 2143 vitam
1426 2071 1706 2156 amisit,
1774 2095 1926 2165 quo
1981 2071 2275 2143 sublato
2329 2071 2688 2144 foederati

595 2221 834 2303 ‘reges
888 2209 1210 2281 victores
1265 2233 1580 2303 regnum
1655 2209 1814 2281 eius
1872 2210 2060 2281 inter
2091 2234 2193 2282 ·se
2263 2210 2688 2281 diviserunt.

611 2346 763 2419 Sed
816 2372 965 2442 quo
1023 2348 1248 2419 modo
1305 2348 1488 2419 haec
1544 2347 1808 2420 divisio
1837 2344 1891 2440 5)
1941 2348 2138 2420 facta
2192 2349 2286 2421 sit
2340 2374 2381 2420 e
2438 2373 2682 2420 rerum

611 2486 1093 2581 scriptoribus
1184 2511 1330 2559 non
1424 2486 1600 2559 satis
1692 2500 2023 2582 apparet.
2152 2487 2267 2560 Ex
2356 2487 2686 2582 Appiani

613 2624 935 2721 Syriacis
990 2627 1330 2699 conicere
1386 2651 1818 2720 possumUS‚
1879 2628 2406 2722 Lysimachum
2465 2626 2685 2720 impe-

609 2777 842 2838 trasse
935 2765 1243 2860 Lydiam
1267 2823 1283 2851 ‚
1385 2767 1697 2861 Mysiam
1723 2824 1740 2852 ‚
1839 2767 2244 2863 Phrygiam
2329 2766 2681 2838 maiorem

610 2915 831 2997 atque
888 2903 1246 2975 minorem
1304 2917 1379 2975 et
1434 2904 1784 2998 regiones
1842 2904 2068 2977 Asiae
2126 2904 2451 2989 Minoris,
2489 2929 2682 2999 quae

608 3042 848 3113 Ponto
889 3041 1175 3114 Euxino
1213 3042 1575 3114 adiacent.
1631 3043 1866 3115 Paulo
1903 3057 2075 3137 post
2112 3043 2681 3128 matrimonium,

607 3180 811 3274 quod
892 3204 1058 3252 cum
1138 3179 1464 3253 Amastri
1540 3179 1764 3276 (quae
1822 3183 2073 3253 dotem
2131 3184 2390 3254 urbem
2447 3182 2681 3253 Hera-

670 3527 704 3584 l)
735 3527 809 3575 Cf.
852 3529 1018 3575 CURT.
1067 3529 1248 3575 RUFUS
1295 3531 1368 3581 X,
1413 3544 1496 3588 303
1531 3531 1693 3575 PLUT.
1727 3532 1873 3576 Eum.
1909 3544 1963 3588 33
1995 3532 2145 3592 Jus'r.
2180 3531 2317 3582 XIII,
2351 3544 2406 3589 43
2450 3532 2679 3576 ARRIAN.

605 3623 662 3666 de
708 3639 826 3671 succ.
878 3626 1049 3677 Aeac..-
1097 3629 1256 3673 onD.
1292 3628 1479 3674 XVIII.
1511 3641 1563 3686 33
1597 3628 1874 3673 Dssxmpus
1913 3628 2193 3686 (MiiLLER,
2220 3630 2302 3686 fr.
2329 3629 2393 3673 H.
2424 3628 2476 3673 G.
2513 3629 2599 3680 ΙΙΙ,
2633 3642 2678 3685 p.

607 3719 739 3777 668);
775 3722 976 3768 Ponpn.
1010 3724 1141 3769 TYR.
1174 3725 1423 3784 (Mi'lLLt-:R
1444 3759 1455 3778 ‚
1476 3725 1561 3782 fr.
1596 3726 1661 3771 H.
1701 3726 1752 3770 G.
1788 3726 1880 3776 ΙΙΙ,
1913 3739 1959 3782 p.
1993 3727 2116 3783 694).

670 3815 705 3874 2)
737 3817 868 3862 NEP.
917 3820 1056 3865 Eum.
1110 3834 1194 3878 133
1240 3823 1393 3883 Jusiu
1445 3823 1564 3875 XV,
1613 3835 1666 3879 23
1718 3823 1868 3868 onD.
1919 3823 2043 3875 XX,
2092 3836 2180 3881 533
2230 3825 2389 3869 PLUT.
2428 3824 2562 3869 Dem.
2601 3826 2680 3879 183

605 3912 732 3959 APP.
765 3914 872 3972 Syr.
907 3928 981 3973 54.

668 4009 704 4067 ³)
738 4010 893 4057 DIOD.
927 4012 1048 4064 XX,
1085 4015 1201 4072 1063
1233 4014 1382 4075 JUST.
1417 4017 1527 4067 XV,
1562 4031 1604 4061 2.

668 4106 702 4165 ¹⁰)
732 4107 944 4169 Jusrm.
977 4108 1087 4159 XV,
1119 4122 1174 4167 43
1206 4110 1331 4154 ΑΡΡ.
1366 4111 1468 4169 Syr.
1505 4124 1592 4170 553
1626 4114 1788 4159 PLUT.
1821 4114 1959 4158 Dem.
1997 4130 2072 4173 29.

665 4203 699 4262 5)
730 4206 856 4249 ΑΡΡ.
889 4203 1000 4256 Srr.
1032 4218 1119 4264 553
1153 4207 1314 4251 PLUT.
1350 4207 1488 4253 Dem.
1525 4221 1603 4266 30.
