3469 5063
1802 487 1896 570 36

810 688 1012 761 cuius
1064 688 1363 782 generis
1418 702 1762 760 auctores
1818 689 2182 760 Hercules
2211 703 2285 760 et
2315 687 2651 784 Lysidice
2682 687 2886 785 (Hip-

808 826 1197 921 podamiae
1228 826 1399 922 filia)
1430 825 1649 899 fuisse
1680 826 2036 899 dicuntur.
2088 827 2533 922 Spectaculo
2555 830 2884 923 quodam

808 964 1092 1037 funebri
1119 961 1171 1061 ¹)
1226 966 1298 1036 in
1355 989 1630 1060 magna
1685 965 2056 1037 hominum
2094 965 2501 1062 frequentia
2531 991 2576 1039 a
2605 967 2886 1039 nutrice

806 1118 1185 1198 gestatuS,
1241 1104 1434 1176 adeo
1489 1102 1619 1174 fuit
1670 1103 1741 1173 in
1773 1104 1990 1176 turba
2017 1102 2387 1175 hominum
2418 1129 2885 1199 compressus

805 1241 1259 1314 Philetaerus
1278 1299 1294 1323 ,
1356 1255 1437 1313 ut
1463 1240 1812 1335 genitalia
1840 1241 2047 1337 pueri
2077 1241 2592 1314 colliderentur
2614 1301 2628 1328 ,
2660 1268 2881 1338 quarn

808 1382 906 1452 ob
964 1405 1115 1452 rem
1173 1380 1554 1452 eunuchus
1595 1381 1836 1452 factus
1864 1394 1977 1452 est
2003 1377 2073 1477 ²).
2158 1380 2588 1453 Liberaliter
2614 1382 2882 1454 educa-

807 1533 923 1591 tus
949 1513 1002 1614 3)
1024 1575 1040 1601 ‚
1096 1516 1457 1612 stipendia
1514 1516 1775 1590 meruit
1827 1519 1966 1591 sub
1996 1517 2311 1591 Docimo
2332 1576 2349 1601 ,
2383 1545 2532 1592 uno
2561 1520 2654 1591 de
2683 1520 2885 1607 Anti-

805 1655 986 1751 goni
1031 1656 1376 1742 ducibus‚
1416 1682 1635 1751 quem
1682 1671 1981 1729 secutus
2027 1671 2174 1741 est,
2213 1682 2380 1729 cum
2420 1657 2774 1730 Docimus
2802 1684 2881 1731 se

808 1819 1349 1890 opesquesuas
1381 1796 1823 1891 Lysimacho
1863 1797 2188 1867 traderet
2213 1792 2289 1889 4).
2373 1795 2490 1869 Sic
2530 1797 2885 1890 cognovit

805 1933 1360 2028 Lysimachum,
1415 1931 1484 2003 in
1541 1932 1744 2004 cuius
1799 1931 2182 2005 amicitiam
2226 1947 2302 2004 et
2329 1933 2879 2006 familiaritatem

740 2154 745 2158 ⁶
804 2070 904 2142 ita
958 2070 1380 2166 pervenisse
1424 2069 1712 2142 videtur
1749 2069 2237 2156 Philetaerus,
2276 2087 2354 2143 ut
2399 2073 2883 2167 Lysimachus

806 2209 871 2281 ei
942 2233 1182 2304 gazae
1255 2210 1767 2304 Pergamenae
1825 2209 2236 2282 custodiam
2295 2212 2784 2283 committeret
2811 2207 2879 2307 5).

808 2348 992 2422 Cum
1068 2348 1284 2421 etiam
1344 2347 1784 2443 Agathoclis
1839 2347 2307 2422 amicissimus
2363 2364 2593 2433 esset,
2650 2374 2881 2443 aegre

807 2487 963 2561 tulit
1018 2513 1184 2560 eum
1240 2512 1281 2560 e
1311 2486 1550 2559 medio
1580 2488 1948 2559 sublatum
1980 2511 2142 2560 esse
2165 2544 2180 2571 ‚
2212 2501 2286 2558 et
2315 2511 2479 2559 curn
2510 2512 2644 2581 pro
2677 2501 2880 2592 certo

805 2627 1152 2709 haberet,
1199 2650 1278 2696 se
1322 2624 1391 2694 in
1429 2623 1624 2696 vitae
1662 2623 1991 2717 periculo
2030 2648 2327 2696 versare
2350 2681 2364 2708 ‚
2405 2625 2629 2696 tutius
2676 2624 2880 2696 duxit

806 2790 851 2835 a
883 2762 1321 2858 Lysimacho
1351 2762 1691 2833 deficere.
1745 2761 1896 2834 Sed
1933 2775 2134 2835 ratus
2162 2788 2242 2834 se
2272 2763 2505 2833 solum
2540 2762 2879 2847 SeleUCO,

808 2903 1162 2999 Syrorum
1218 2900 1415 2995 regi,
1472 2899 1808 2973 resistere
1864 2926 2010 2973 non
2059 2925 2318 2995 posse,
2348 2903 2447 2974 ad
2475 2927 2644 2974 eum
2667 2887 2879 2996 ⁴lega-

805 3056 921 3113 tos
977 3029 1196 3125 misit,
1252 3038 1375 3135 qui
1430 3064 1508 3111 se
1564 3038 2102 3135 pecuniamque
2160 3066 2452 3112 omnem
2483 3041 2881 3113 traderent.

909 3181 1170 3251 Utrum
1230 3178 1587 3251 Seleucus
1641 3177 1713 3250 id
1762 3178 2136 3274 acceperit
2172 3203 2447 3263 necne,
2478 3178 2875 3260 nescimus,

872 3505 907 3562 ι)
938 3503 1155 3549 ST‘RABO
1189 3504 1244 3549 C.
1277 3518 1322 3561 p.
1361 3505 1466 3562 623.
1501 3505 1660 3548 PAus.
1696 3505 1746 3555 Ι,
1780 3507 1830 3555 8,
1869 3519 1908 3548 1.

867 3602 902 3657 ²)
937 3602 1194 3657 Eleganter
1241 3597 1442 3645 L'ABBss
1492 3597 1659 3645 Sssvm
1713 3601 2030 3650 Reclzerclzes,
2063 3614 2108 3656 p.
2145 3611 2261 3654 241:
2313 3598 2374 3654 „il
2409 3612 2438 3654 y
2470 3597 2539 3641 fut
2569 3596 2733 3654 presse
2765 3611 2879 3641 avec

804 3703 907 3741 tant
939 3697 998 3741 de
1030 3697 1241 3741 violence
1255 3730 1266 3748 ,
1298 3697 1416 3753 qu'il
1447 3709 1498 3741 se
1519 3697 1584 3741 vit
1606 3696 1728 3740 dans
1753 3696 1799 3739 la
1823 3696 1944 3740 suite
1966 3696 2078 3740 hors
2100 3692 2246 3738 d'etat
2268 3695 2327 3738 de
2346 3707 2519 3750 penser
2540 3706 2602 3738 au
2624 3694 2880 3750 mariage.''

866 3775 1151 3851 ³)'STRA130
1185 3792 1238 3836 C.
1271 3806 1318 3849 p.
1354 3794 1462 3850 623.

867 3889 903 3948 ¹⁰)
935 3890 1094 3933 PAUS.
1128 3889 1171 3940 Ι,
1211 3903 1293 3940 10,
1326 3903 1372 3944 4.

865 3986 900 4044 ⁵)
934 3986 1155 4031 Eunuchi
1186 3986 1236 4029 in
1270 3986 1437 4042 primis
1468 3998 1613 4043 gazas
1647 3986 1947 4030 custodiendi
1982 3997 2181 4029 munere
2215 3985 2364 4029 functi
2397 3997 2499 4029 esse
2532 3984 2773 4034 videntur,
2808 3985 2879 4028 Cf.
2930 3977 2937 3984 ’

803 4084 965 4128 PLUT.
998 4083 1134 4127 Dem.
1170 4095 1255 4141 25:
1288 4072 1552 4133 ,,ἐπιεικῶς
1582 4072 1681 4143 ’γάρ
1709 4072 1988 4125 εἰώθεισαν
2005 4072 2278 4142 εὐνούχους
2295 4068 2431 4143 ἔχειν
2451 4060 2881 4141 ’γαζοφύλακας;”

804 4180 1119 4242 verisimiliter
1148 4180 1264 4237 quia
1294 4179 1577 4225 feminarum
1611 4179 1951 4224 blandimentis
1982 4178 2222 4235 corrumpi
2255 4184 2515 4236 nequeunt.
