3469 5063
1890 421 1985 488 66

900 622 1328 698 Successori
1416 625 1713 695 demum
1796 622 1951 694 eius
2033 621 2290 694 Attalo
2373 624 2402 693 I
2484 621 2794 717 contigit
2873 625 2971 694 ad

899 765 1117 835 finem
1189 763 1596 857 perducere
1673 761 1877 856 quod
1958 774 2386 832 antecessor
2464 759 2709 832 animo
2775 785 2970 832 com-

897 901 1157 996 plexus
1211 913 1389 972 erat.

1002 1038 1150 1111 Ubi
1217 1037 1325 1109 vir
1397 1035 1856 1109 doctissimus
1927 1037 2329 1108 THRaMER
2349 1093 2366 1118 ,
2425 1036 2538 1107 dz'e
2598 1038 2792 1133 Sz'ege
2843 1039 2974 1109 der

899 1177 1415 1273 Pergamener,
1488 1200 1558 1269 p.
1623 1180 1714 1246 28
1741 1232 1756 1260 ,
1827 1175 1919 1246 de
1975 1173 2220 1246 verbis
2275 1174 2612 1247 Plinianis
2670 1178 2972 1270 „plures

897 1316 1212 1392 artifices
1240 1315 1482 1409 fecere
1535 1314 1795 1384 Attali
1833 1321 1902 1383 et
1927 1312 2279 1383 Eumenis
2332 1290 2674 1384 adversus
2721 1315 2972 1385 Gallos

883 1452 1213 1548 proelz'ffl
1271 1451 1464 1546 agit,
1519 1450 1737 1534 fonti,
1793 1476 1834 1522 e
1892 1475 2042 1545 quo
2097 1449 2369 1522 Plinius
2420 1450 2691 1536 hausit,
2749 1451 2970 1523 nomi-

898 1616 1069 1663 num
1127 1588 1360 1662 Attali
1412 1604 1487 1662 et
1541 1588 1885 1661 Eumenis
1942 1587 2271 1660 ordinem
2329 1588 2688 1661 adscribit.

1000 1729 1200 1800 Fons
1253 1727 1368 1799 ille
1425 1741 1538 1800 est
1591 1727 2059 1821 Antigonus,
2115 1726 2372 1798 artifex
2424 1728 2967 1821 PergamenuS,

901 1865 1070 1961 „qui
1124 1864 1496 1938 volumina
1552 1864 1878 1936 condidit
1933 1865 2025 1936 de
2056 1877 2214 1935 arte
2244 1888 2378 1935 sua
2399 1865 2458 1950 ,”
2497 1865 2581 1936 cf.
2611 1865 2927 1936 PLINIUS
2952 1921 2968 1948 ,

896 2006 1059 2075 lzz'st.
1109 2014 1296 2088 nat.,
1346 2006 1392 2075 l.
1444 2001 1840 2087 XXXIV,
1896 2002 1967 2073 in
2021 2001 2258 2073 indice
2288 2016 2689 2074 auctorum.
2759 2002 2969 2073 Anti-

895 2167 1142 2237 gonus
1223 2156 1513 2236 autem,
1596 2140 1927 2236 aequalis
2006 2165 2262 2212 eorum
2341 2155 2792 2235 temporum,
2874 2143 2968 2214 de

869 2246 1163 2376 'quibus
1263 2279 1587 2375 agimus,
1683 2279 2019 2351 Attalum
2044 2338 2059 2364 ,
2150 2280 2352 2373 quod
2444 2279 2755 2352 maiores
2853 2305 2969 2352 res

894 2420 1247 2513 gesserit,
1307 2432 1480 2490 ante
1524 2418 1932 2502 Eumenem
1969 2416 2248 2511 posuit,
2289 2442 2738 2512 quamquam
2776 2419 2968 2490 hunc

894 2557 1093 2652 prius
1146 2556 1409 2629 vixisse
1467 2569 1777 2633 constat.
2373 2553 2379 2557 ’

1000 2696 1259 2767 Attalo
1295 2696 1324 2765 I
1379 2695 1569 2766 enim
1609 2692 1951 2788 contigit,
2002 2694 2262 2766 Asiam
2293 2694 2654 2768 Minorem
2684 2721 2729 2767 a
2757 2709 2965 2790 peste

895 2833 1309 2928 periculosa
1407 2846 1483 2904 et
1583 2832 1896 2905 molesta
1978 2832 2329 2919 liberare,
2386 2859 2535 2928 qua
2598 2860 2677 2906 re
2731 2835 2968 2906 elatus

896 2986 1451 3044 monumentum
1535 2972 1631 3042 ad
1714 2995 1924 3043 suam
1993 2971 2375 3043 victoriam
2447 2971 2967 3044 celebrandam

893 3111 1125 3182 erexit
1178 3116 1351 3182 aere
1408 3108 1821 3204 perennius,
1863 3110 1996 3181 sed
2034 3108 2245 3181 simul
2299 3109 2400 3195 ei,
2440 3109 2554 3182 cui
2589 3109 2966 3195 successit,

892 3247 1219 3320 debitam
1261 3272 1558 3342 quoque
1598 3246 1837 3319 laudis
1865 3261 2156 3341 partem
2187 3246 2451 3319 tribuit.
2500 3247 2966 3342 Pergamena

896 3400 1376 3459 monumenta
1458 3409 1575 3457 res
1656 3398 1915 3479 gestas
1996 3410 2160 3457 cum
2243 3386 2590 3476 Eumenis
2671 3385 2729 3470 I,
2813 3399 2965 3455 tum

896 3524 1129 3596 Attali
1181 3525 1210 3594 I
1285 3521 1676 3595 memoriae
1750 3490 2044 3594 tradere
2117 3523 2542 3605 voluerunt;
2605 3522 2740 3593 sed
2794 3547 2963 3594 cum

892 3662 962 3732 in
1038 3662 1286 3756 primis
1368 3661 1626 3764 Attalo
1708 3661 1948 3732 honor
2027 3661 2460 3732 tribuendus
2515 3660 2605 3732 sit
2660 3660 2966 3733 Galatas

895 3799 1383 3871 debellavisse
1405 3856 1420 3880 ‚
1498 3798 1927 3892 Antigonus
2000 3798 2248 3896 (quem
2322 3798 2596 3871 Plinius
2669 3771 2965 3871 secutus

895 3937 1032 4035 est)
1087 3938 1500 4008 Eumenem
1556 3937 1813 4008 Attalo
1867 3937 2303 4030 postposuit.

1001 4074 1221 4146 Plura
1294 4075 1387 4146 de
1462 4075 1796 4147 Eumene
1853 4076 1882 4145 I
1938 4076 2182 4170 deque
2257 4074 2408 4147 eius
2461 4075 2761 4170 imperio
2819 4099 2963 4146 non

3443 1772 3459 2251 ι»Ια--ω---ι---η-ὧᾷᾼᾼ
3438 378 3457 1729 Q-
