3469 5063
1733 509 1830 575 44

747 690 1064 763 occurrit
1100 690 1513 785 philosophi
1550 690 1914 763 Arcesilai
1953 691 2105 787 (qui
2142 693 2483 787 poeticae
2525 718 2822 786 quoque

748 854 1054 923 operam
1112 831 1371 918 dabat)
1424 829 1884 924 epigramma
1937 829 2006 901 in
2062 830 2432 903 Attalum:

854 966 1249 1065 ,,Πέργαμος
1286 970 1407 1064 οὐχ
1444 969 1666 1047 ὅπλοις
1702 968 1929 1064 κλεινὴ
1970 970 2209 1063 μόνον,
2249 970 2418 1039 ἀλλὰ
2456 971 2564 1040 καὶ
2603 971 2824 1050 ἵπποις

952 1105 1263 1184 πολλάκις
1318 1106 1596 1175 αὐδᾶται
1651 1101 1865 1175 Πῖσαν
1922 1105 2048 1174 ἀνὰ
2106 1105 2384 1200 ζαθέην.

852 1239 933 1311 Εἰ
1000 1241 1071 1310 δὲ
1137 1244 1245 1310 τὸν
1314 1243 1384 1309 ἐκ
1448 1238 1712 1310 Διόθεν.
1759 1240 2032 1335 θεμιτὸν
2101 1240 2331 1338 θνατῷ
2384 1243 2529 1311 νόον
2588 1245 2822 1333 εἰπεῖν,

955 1379 1217 1447 ἔσσεται
1276 1379 1565 1455 εἰσαῦτις
1618 1377 1861 1446 πολλὸν
1919 1377 2341 1475 ἀοιδοτέρη.”

852 1512 1072 1603 Quod
1154 1514 1344 1585 bene
1429 1513 1779 1584 convenit
1859 1537 2025 1584 cum
2103 1527 2354 1585 nostra
2425 1513 2823 1598 sententia;
2901 1540 2908 1545 ·

751 1676 921 1723 nam
963 1650 1391 1723 Arcesilaus
1428 1650 1544 1722 ille
1585 1674 1781 1722 anno
1828 1674 1963 1740 241
2014 1675 2076 1722 a.
2118 1650 2281 1722 Chr.
2322 1666 2465 1723 nat.
2497 1666 2825 1724 mortuus

748 1803 896 1873 est,
969 1813 1120 1883 quo
1194 1787 1493 1860 Attalus
1558 1789 1585 1858 I
1658 1813 1971 1882 regnum
2029 1788 2237 1860 adiit:
2294 1789 2548 1861 alludit
2600 1790 2828 1882 igitur

750 1926 1175 1998 Arcesilaus
1229 1926 1402 1997 item
1459 1927 1552 1996 ad
1614 1924 1951 1998 Attalum
1974 1983 1990 2010 ‚
2054 1925 2446 1999 Philetaeri
2502 1926 2823 1999 fratrem.

853 2063 1007 2136 Sed
1062 2078 1459 2159 antequam
1511 2077 1971 2136 transeamus
2008 2066 2105 2136 ad
2143 2065 2373 2139 vitam
2414 2066 2758 2138 Eumenis
2797 2067 2823 2135 Ι

748 2204 1194 2274 narrandam
1219 2260 1234 2287 ‚
1290 2202 1416 2297 qui
1469 2201 1886 2274 Philetaero
1942 2217 2206 2298 patruo
2254 2228 2389 2275 suo
2438 2203 2826 2288 successit,

749 2343 1275 2413 recurrendum
1330 2342 1428 2413 ad
1482 2340 2018 2436 inscriptioneS‚
2086 2356 2159 2414 et
2212 2367 2455 2435 pauca
2510 2330 2824 2414 dicenda

748 2495 919 2553 sunt
972 2482 1065 2553 de
1121 2480 1226 2552 rei
1279 2480 1623 2575 publicae
1680 2480 2196 2575 Pergamenae
2252 2479 2622 2573 regimine.

851 2620 1061 2690 Prior
1131 2643 1305 2712 pars
1377 2617 1872 2711 inscriptionis
1944 2616 2631 2701 duodevicesimae‚
2705 2616 2819 2708 (cf.

749 2758 901 2828 Die
945 2757 1400 2850 Insclzrz'sten
1448 2781 1584 2826 von
1613 2755 2049 2850 Pergamon)
2082 2754 2468 2849 epistulam
2499 2755 2825 2826 continet

750 2896 847 2967 ab
903 2895 1232 2965 Eumene
1271 2894 1300 2963 I
1338 2894 1435 2965 ad
1469 2893 1828 2988 populum
1865 2894 2408 2987 Pergamenum
2447 2892 2823 2987 scriptam,

747 3032 816 3104 in
915 3057 1063 3128 qua
1157 3033 1511 3127 populum
1603 3045 1864 3125 rogat,
1946 3045 2028 3103 ut
2108 3032 2622 3126 magistratus,
2705 3031 2828 3124 qui

750 3175 1105 3270 στρατηγοί
1171 3185 1569 3254 vocantur,
1645 3171 1837 3241 bene
1903 3170 1996 3242 de
2053 3170 2436 3265 republica
2494 3169 2823 3258 meritos,

750 3308 1098 3401 praemiis
1153 3322 1589 3380 remuneret.

854 3445 1163 3518 Summa
1242 3415 1610 3540 postestas
1690 3470 1921 3539 penes
1993 3447 2355 3540 dynasten
2430 3460 2625 3532 erat,
2693 3445 2826 3515 sed

749 3585 853 3656 sic
927 3583 1357 3672 constituta,
1413 3597 1495 3654 ut
1547 3583 1761 3656 simul
1815 3581 2099 3677 species
2155 3583 2523 3676 quaedam
2578 3581 2825 3652 demo-

752 3721 1022 3794 cratiae
1095 3736 1460 3806 maneret,
1517 3746 1686 3792 nam
1743 3734 1996 3792 extant
2053 3719 2345 3792 comitia
2404 3717 2825 3816 (ἐκκλησία),

751 3862 951 3955 apud
1047 3884 1241 3955 quae
1341 3861 1701 3955 dynastae
1725 3916 1741 3943 ‚
1835 3872 2098 3953 postea
2181 3882 2441 3952 regeS,
2524 3855 2826 3928 multum

751 3999 1000 4071 valent
1052 4023 1185 4093 per
1222 3998 1548 4094 quinque
1588 3997 1782 4069 viros
1820 3994 1970 4093 (qui
2007 4000 2366 4102 στρατηγοί
2401 3993 2827 4091 vocantur),
2857 4007 2862 4011 “

754 4163 798 4209 a
877 4163 956 4210 se
1037 4136 1206 4232 ipsis
1288 4150 1581 4208 creatos
1604 4194 1619 4222 ‚
1703 4134 1824 4228 (cf.
1903 4135 2054 4206 Die
2126 4134 2403 4205 Inschr.
2481 4158 2541 4204 v.
2617 4132 2826 4227 Perg.

3395 1060 3455 1245 A*
3448 918 3453 1003 ⁴4
