3469 5063
1806 509 1900 575 34

1020 692 1103 788 (j.
1189 692 1249 763 F
1252 691 1485 787 iliyas)
1567 716 1660 763 an
1743 692 1876 764 der
1948 694 2342 789 Miindung
2413 695 2547 767 des
2620 693 2890 766 Bill'aos
2965 694 2973 702 ”

1017 830 1178 904 eine
1235 830 1648 903 Milesische
1703 816 2024 904 Kolonie
2079 858 2169 904 zu
2224 832 2673 929 Bithynien.”

918 969 1264 1043 Obscuro
1334 969 1505 1041 loco
1578 983 1797 1043 natus
1868 986 1981 1043 est
2052 971 2543 1056 PhiletaeruS‚
2610 996 2779 1043 nam
2835 962 2893 1045 si

815 1107 1149 1204 Carystio
1203 1104 1255 1203 ¹)
1334 1107 2020 1181 commentariorum
2093 1108 2424 1204 scriptori
2496 1109 2894 1197 credimuS‚

813 1261 1049 1320 mater
1127 1245 1283 1318 eius
1363 1244 1493 1316 fuit
1572 1244 1868 1318 tibicina
1948 1260 2025 1319 et
2106 1246 2443 1320 meretrix
2523 1248 2889 1342 quaedam

722 1402 727 1406 ·
816 1382 1364 1480 Paphlagonia,
1424 1382 1541 1455 cui
1595 1408 1864 1456 nomen
1922 1386 2146 1457 Boae.
2215 1386 2297 1458 Id
2353 1385 2697 1458 convenit
2727 1411 2893 1458 cum

814 1548 949 1620 e0,
1033 1523 1237 1617 quod
1321 1520 1635 1593 STRABo
1688 1518 1741 1618 2)
1825 1524 1919 1595 de
2000 1525 2487 1618 grammatico
2569 1525 2892 1619 quodam

817 1659 1142 1755 Daphita
1189 1674 1473 1743 narrat,
1529 1660 1654 1755 qui
1693 1660 1925 1733 fertur
1959 1660 2028 1732 in
2070 1687 2362 1735 crucem
2403 1675 2653 1735 actum
2692 1686 2856 1734 esse
2879 1719 2894 1747 ‚

815 1801 1020 1895 quod
1073 1798 1380 1892 regibus
1433 1798 1917 1892 Pergamenis
1970 1776 2141 1872 vitio
2189 1799 2893 1894 dedisset'originem

814 1936 1192 2020 servilem,
1247 1960 1380 2007 eos
1432 1935 1575 2008 hoc
1631 1935 1939 2009 disticho
1996 1937 2402 2011 incessens:

998 2074 1403 2173 ,,πορφύρεοι
1459 2076 1793 2169 μώλωπες
1849 2077 2357 2175 ἀπορρινήματα
2411 2078 2619 2174 γάζης

1097 2211 1489 2308 Λυὸιμάχου
1545 2210 1784 2282 Λυδῶν
1843 2213 2088 2312 ἄρχετε
2142 2215 2254 2285 καὶ
2308 2209 2657 2313 Φρυγίης.”

921 2349 1149 2420 Immo
1205 2372 1342 2441 per
1393 2348 1770 2419 vocabula
1838 2351 2244 2448 ,,πορφύρεοι
2291 2345 2893 2447 μώλωπες”ερεο-

817 2500 926 2561 tat
1003 2492 1229 2581 poeta
1285 2487 1381 2559 ad
1438 2486 1815 2559 cicatrices
1869 2487 2354 2580 sanguineas,
2413 2486 2683 2581 quibus
2738 2511 2893 2558 cor-

817 2648 1003 2720 pora
1058 2648 1440 2696 servorum
1496 2623 2010 2695 foedabantur.

919 2761 1306 2833 Philetaeri
1344 2759 1568 2855 patris
1598 2785 1866 2833 nomen
1901 2785 2048 2832 non
2087 2761 2433 2833 traditum
2463 2774 2608 2845 est;
2637 2767 2892 2856 poeta-

819 2899 1146 2972 medicus
1214 2899 1590 2972 Nicander
1635 2894 1690 2991 3)
1755 2898 2254 2995 Colophonius
2309 2924 2353 2972 a
2408 2899 2895 2994 grammatico

878 3109 913 3162 ι)
946 3127 1292 3172 ATHENAEUS
1331 3127 1466 3177 XIII,
1515 3140 1562 3182 p.
1613 3124 1754 3183 577b:
1798 3113 2127 3183 ,,Φιλέταιρον
2174 3113 2232 3167 δέ
2267 3112 2353 3168 τὸν
2389 3114 2662 3188 Περγάμου
2696 3116 2783 3166 καὶ
2813 3122 2898 3174 τῆς

817 3219 1005 3273 Καινῆς
1034 3215 1228 3272 ταύτης
1260 3212 1529 3284 λεγομένης
1557 3211 1945 3283 βασιλεύσαντα
1976 3214 2170 3283 χώρας,
2205 3213 2335 3272 Βόας
2358 3209 2669 3280 αὐλητρίδος
2692 3210 2897 3280 ἑταίρας

817 3308 872 3363 τὸ
912 3313 1056 3379 γένος
1098 3307 1201 3360 ἀπὸ
1247 3308 1606 3379 Παφλαγονίας
1650 3307 1760 3360 ὑιὸν
1790 3329 1913 3379 φησι
1944 3309 2196 3377 γενέσθαι
2231 3310 2513 3378 Καρύστιος
2542 3307 2589 3358 ἐν
2621 3306 2896 3373 ἱστορικοῖς

816 3399 1244 3477 ὑπομνήμασιν.”

882 3513 917 3570 ²)
951 3512 1167 3556 STRABO
1202 3510 1257 3556 C.
1289 3525 1336 3568 p.
1371 3513 1476 3569 623.

880 3608 916 3666 ³)
951 3609 1110 3652 Hodie
1152 3607 1268 3652 satis
1298 3613 1512 3658 constat,
1546 3606 1844 3651 Nicandrum
1875 3605 2058 3649 circiter
2088 3618 2219 3649 anno
2252 3618 2343 3649 200
2375 3618 2418 3648 a.
2451 3604 2561 3649 Chr.
2594 3610 2760 3648 natum
2794 3617 2897 3648 esse

815 3705 1062 3760 vitamque
1095 3704 1156 3746 ad
1189 3709 1405 3759 tempora
1437 3702 1588 3747 Attali
1620 3703 1682 3746 111
1700 3736 1710 3753 ,
1744 3702 1827 3759 qui
1863 3701 1979 3746 obiit
2000 3714 2132 3746 anno
2155 3715 2242 3758 133
2265 3713 2309 3746 a.
2332 3701 2445 3746 Chr.
2469 3707 2553 3746 nat
2569 3734 2579 3752 ,
2600 3701 2894 3757 produxisse.

882 3799 955 3842 De
997 3804 1132 3854 patre
1175 3798 1404 3842 Nicandri
1447 3811 1544 3843 non
1589 3811 1689 3843 una
1719 3804 1767 3842 et
1805 3798 2112 3843 consentiens
2145 3804 2353 3842 veterum
2387 3798 2555 3854 opinio
2585 3797 2686 3842 fuit.
2720 3796 2897 3841 Suidas

815 3895 1165 3939 XENOPHANE
1214 3900 1374 3939 ortum
1424 3894 1724 3939 Nicandrum
1777 3895 1904 3940 dicit.
1969 3893 2183 3951 Scriptor
2239 3895 2360 3938 vitae
2393 3894 2622 3939 Nicandri
2654 3894 2813 3950 ipsum
2846 3907 2898 3938 se

817 3990 994 4035 alicubi
1025 3996 1218 4047 poetam
1251 3991 1392 4035 tradit
1427 3991 1655 4036 DAMAl-:1
1689 3991 1841 4036 filiurn
1877 3990 2192 4048 appellavisse
2223 3991 2315 4035 hoc
2346 4004 2514 4036 versu:

1260 4078 1523 4141 ,,αἰνήσεις
1555 4077 1681 4134 υίὴα
1715 4077 2093 4148 volupiam-020
2129 4079 2362 4149 Δαμαίου
2382 4075 2440 4141 ,”

818 4197 945 4243 quae
976 4186 1116 4229 verba
1153 4185 1251 4229 sive
1285 4185 1334 4229 in
1368 4184 1615 4240 prooemio
1647 4185 1746 4229 sive
1778 4185 1828 4229 in
1852 4185 1946 4229 fine
1970 4185 2171 4229 alicuius
2193 4185 2418 4229 carminis
2439 4189 2633 4242 poetam
2655 4184 2896 4241 posuisse,
