3469 5063
1776 516 1863 584 52

783 705 1188 776 revendere
1247 699 1846 773 Heracliensibus
1885 699 2153 771 maluit.
2237 698 2411 771 Veri
2447 700 2669 773 simile
2707 716 2859 785 est,

784 840 1287 913 Ptolemaeum
1362 840 1424 910 ΙΙ
1497 838 2051 933 Philadelphum
2150 839 2278 930 (28
2291 843 2622 931 5—246)
2713 840 2858 911 Eu-

786 1003 1074 1050 menem
1145 977 1343 1049 illum
1416 978 1777 1072 dynasten
1847 954 2251 1048 Amastridi
2303 977 2818 1070 praeposuisse
2843 1036 2859 1063 ‚

787 1141 956 1187 nam
1010 1082 1478 1187 Ptolemaeus
1533 1127 1838 1185 uxorem·
1884 1115 2194 1186 duxerat
2222 1113 2587 1187 Arsinoen
2612 1173 2627 1200 ‚
2661 1117 2860 1212 Lysi-

789 1254 1030 1327 machi
1099 1253 1296 1347 regis
1359 1223 1693 1336 'viduam‚
1759 1278 1908 1346 quo
1962 1252 2238 1325 factum
2297 1268 2442 1338 est,
2499 1269 2580 1325 ut
2636 1256 2858 1327 Ama-

786 1392 1085 1465 stridem
1109 1449 1125 1477 ,
1180 1391 1425 1463 uxoris
1480 1389 1874 1463 dominium
1897 1448 1911 1471 ,
1970 1390 2103 1463 sibi
2156 1390 2594 1474 vindicaret,
2638 1419 2856 1487 quam

787 1532 1044 1602 urbem
1127 1555 1291 1602 cum
1364 1528 1517 1602 aliis
1587 1528 1657 1600 in
1732 1529 2015 1601 Euxino
2099 1530 2275 1601 mari
2355 1530 2602 1603 ditioni
2680 1557 2859 1605 suae

787 1669 1210 1742 subiecerat
1243 1666 1321 1763 1’).

895 1806 1214 1878 Omnem
1279 1805 1431 1878 veri
1483 1805 1807 1900 speciem
1863 1830 2042 1900 prae
2098 1830 2178 1877 se
2235 1806 2398 1891 fert,
2455 1807 2859 1880 Eumenem

789 1970 834 2016 a
885 1945 1314 2016 Ptolemaeo
1364 1957 1711 2015 coactum
1754 1968 1917 2015 esse
1956 1956 2035 2014 ut
2062 1945 2568 2016 Amastridem
2598 1939 2894 2019 invitus

790 2080 1273 2154 Ariobarzani
1325 2083 1666 2153 traderet.
1759 2080 1879 2153 Sic
1936 2082 2126 2154 enim
2180 2083 2398 2155 Ponti
2453 2108 2581 2155 rex
2633 2085 2863 2158 hostis

788 2222 958 2293 loco
1039 2222 1456 2293 habebatur
1534 2222 1630 2292 ab
1713 2219 2128 2306 Antioch0‚
2215 2221 2568 2317 Syrorum
2643 2249 2864 2319 rege,

789 2385 1108 2454 quocum
1164 2360 1640 2431 Ptolemaeus
1695 2359 1767 2431 id
1825 2361 2179 2454 temporis
2217 2360 2486 2433 bellum
2525 2365 2863 2456 gerebat.

791 2498 1337 2572 Ariobarzanes
1392 2522 1586 2570 anno
1650 2504 1793 2570 266
1853 2522 1914 2569 a.
1974 2497 2136 2570 Chr.
2193 2512 2338 2570 nat.
2398 2525 2528 2571 rex
2574 2515 2865 2574 creatus

792 2651 938 2710 est:
996 2636 1362 2707 Amastris
1415 2634 1638 2728 igitur
1683 2659 1881 2706 anno
1935 2641 2074 2727 265
2128 2661 2192 2707 a.
2229 2635 2393 2708 Chr.
2424 2652 2568 2708 nat.
2599 2638 2864 2709 tradita

791 2799 954 2847 esse
1010 2774 1318 2846 videtur.

898 2914 1159 3008 Usque
1215 2914 1312 2984 ad
1367 2926 1691 2984 nostram
1749 2926 2074 3007 aetatem
2131 2915 2269 2985 sub
2323 2912 2561 2987 iudice
2591 2913 2674 2986 lis
2699 2913 2864 2998 fuit,

794 3067 1035 3123 utrum
1090 3052 1459 3123 Eumenes
1510 3019 1899 3122 Philetaeri
1949 3050 2170 3122 frater
2214 3074 2308 3121 an
2339 3049 2688 3144 patruelis
2719 3050 2869 3143 (cui

794 3191 985 3262 idem
1043 3214 1308 3262 nomen
1364 3193 1504 3282 est)
1571 3189 1924 3284 dynastes
1954 3188 2390 3260 Amastridis
2420 3188 2711 3274 fuisset,
2751 3190 2888 3260 effi·

797 3330 1219 3412 DRoYSEN‚
1277 3328 1680 3398 Geschz'chte
1733 3328 1849 3398 des
1885 3326 2125 3412 Hell„
2166 3328 2296 3411 ΙΙΙ,
2335 3352 2403 3421 p.
2450 3350 2589 3419 255
2619 3385 2634 3412 ‚
2676 3353 2739 3399 n.
2794 3353 2815 3398 1
2852 3353 2866 3397 ε

864 3705 897 3763 ¹)
946 3707 997 3749 F.
1048 3706 1255 3756 KOEPP‚
1307 3707 1422 3750 iiber
1470 3706 1546 3749 die
1596 3705 1703 3763 Syr.
1744 3705 1944 3764 Kriege.
1995 3719 2040 3762 p.
2077 3702 2217 3762 2152'
2248 3705 2419 3762 „Ohne
2451 3706 2636 3749 Zweifel
2667 3707 2868 3762 spielten

796 3801 981 3846 damals
1002 3802 1080 3845 die
1099 3801 1384 3858 Anspri'lche
1405 3803 1511 3847 eine
1535 3803 1675 3846 Rolle
1696 3816 1779 3846 um
1795 3803 1937 3846 deren
1957 3797 2139 3845 Willen
2157 3802 2445 3847 Ptolemaios
2462 3803 2592 3847 seine
2608 3802 2872 3847 Schwester

795 3898 1089 3956 geheirathet
1120 3898 1277 3949 hatte,
1310 3898 1388 3942 die
1418 3898 1701 3955 Anspriiche
1732 3899 1820 3943 auf
1847 3899 1933 3943 das
1965 3898 2230 3955 ehemalige
2261 3900 2600 3944 Fiirstenthum
2623 3899 2874 3943 Heracleia

798 4010 876 4040 am
909 3996 1090 4041 Pontos
1108 4028 1118 4046 ‚
1150 3995 1237 4039 auf
1264 3996 1484 4051 Ephesos
1518 3996 1617 4039 und
1651 4009 1746 4040 was
1778 4002 1913 4040 sonst
1940 4005 2058 4040 etwa
2080 3996 2546 4053 nochLysimacbus
2565 3997 2650 4040 der
2670 3996 2873 4040 Arsinoe

798 4094 918 4137 einst
956 4093 1214 4149 geschenkt
1248 4093 1393 4137 hatte.
1458 4093 1749 4137 Ptolemaios
1782 4093 1947 4138 sucbte
1977 4094 2027 4137 in
2061 4093 2340 4137 Kleinasien
2372 4093 2541 4137 immet
2569 4093 2717 4137 festen
2752 4093 2873 4136 Fuss

800 4203 858 4233 zu
889 4189 1093 4234 fassen.''
