3469 5063
1621 502 1703 570 17

510 765 515 770 .
624 701 875 760 monte
932 688 1153 760 Kane
1210 686 1640 775 continetur,
1697 713 1743 760 a
1798 690 2006 761 cuius
2052 690 2418 764 radicibus
2462 717 2698 788 usque

620 828 717 899 ad
798 829 1057 899 urbem
1114 825 1399 899 Elaiam
1471 828 1979 925 brevissimum
2045 828 2211 903 litus
2266 831 2696 918 extenditur,

621 966 690 1036 in
774 965 978 1039 cuius
1059 966 1299 1038 medio
1379 967 1568 1052 fere,
1660 968 1847 1039 inter
1926 962 2151 1041 urbes
2231 969 2540 1063 Pitanen
2623 986 2698 1043 et

622 1104 938 1190 Elaiam‚
997 1104 1296 1176 Cai‘cum
1340 1107 1612 1203 flumen
1659 1104 1729 1175 in
1761 1130 1962 1177 mare
2009 1105 2256 1178 influit.
2313 1107 2696 1181 Meridiem

623 1269 878 1317 versus
934 1242 1343 1316 continetur
1407 1256 1753 1317 montoso
1820 1243 2001 1339 iugo
2060 1245 2208 1340 (cui
2262 1271 2530 1318 nomen
2587 1263 2699 1319 est

622 1385 843 1481 ὀρεινὴ
901 1384 1088 1480 ῥάχις
1114 1378 1231 1479 1)),
1268 1381 1572 1476 paribus
1612 1382 2012 1456 intervallis
2050 1407 2095 1454 a
2136 1383 2696 1476 Caicobflumine

622 1520 968 1604 distante,
1024 1521 1229 1614 quod
1281 1519 1536 1615 iugum
1590 1545 1670 1592 se
1718 1520 2046 1593 extendit
2082 1524 2181 1593 ab
2219 1522 2424 1595 Elaia
2463 1548 2697 1619 usque

625 1660 722 1731 ad
794 1660 869 1730 N
874 1683 1212 1731 acrasam
1235 1717 1250 1745 ‚
1324 1673 1527 1731 trans
1595 1660 1800 1755 quod
1873 1659 2014 1732 fert
2070 1660 2190 1732 via
2244 1686 2289 1732 a
2344 1661 2699 1763 Sardibus

627 1800 722 1870 ad
803 1798 1270 1892 Pergamum.
1383 1797 1997 1892 Septemtrionem
2069 1823 2329 1872 versus
2409 1799 2701 1896 attingit

628 1937 1021 2010 Pindasum
1060 1950 1401 2009 montem.
1460 1938 1718 2032 Itaque
1760 1937 2111 2010 convallis
2152 1937 2354 2010 Cai'ci
2392 1938 2699 2010 flu'minis

625 2076 945 2170 undique
1039 2074 1406 2148 montibus
1498 2075 1951 2160 continetur‘;
2035 2077 2168 2148 sed
2249 2076 2702 2150 nihilominus

625 2215 1023 2308 pleraeque
1078 2213 1241 2286 viae
1294 2214 1536 2285 ferunt
1590 2215 1686 2285 ad
1740 2215 2208 2309 Pergamum.

732 2353 1004 2427 Cursus
1058 2351 1261 2425 Caici
1316 2347 1621 2423 fluminis
1658 2353 1858 2424 haud
1895 2353 2169 2447 longus
2207 2366 2353 2424 est:
2401 2352 2699 2447 triginta

627 2492 946 2588 quinque
1028 2492 1179 2564 fere
1262 2491 1449 2564 milia
1528 2516 1884 2587 passuum
1959 2491 2183 2565 oritur
2237 2516 2278 2564 e
2334 2490 2700 2565 radicibus

624 2602 880 2705 Tem-ni
934 2631 1234 2718 montis,
1273 2656 1466 2726 quae
1521 2633 1620 2704 ad
1667 2630 2035 2704 meridiem
2075 2645 2433 2727 spectant.
2489 2632 2701 2704 Mon-

626 2787 812 2857 tem,
877 2771 944 2842 in
1022 2770 1226 2843 cuius
1280 2770 1556 2843 vertice
1621 2772 1800 2843 urbs
1853 2771 2303 2865 Pergamum
2359 2770 2496 2843 sita
2551 2786 2700 2855 est,

628 2911 939 2982 STRABO
964 2907 1017 3004 2)
1073 2907 1172 2981 sic
1211 2907 1583 2981 describit:
1623 2923 1739 2981 est
1780 2934 1991 2981 mons
2029 2909 2152 3003 qui
2190 2908 2356 2981 coni
2392 2909 2700 2981 formam

627 3048 910 3119 habens
988 3047 1057 3117 in
1140 3060 1438 3119 acutum
1524 3070 1881 3118 cacumen
1937 3045 2215 3118 desinit.
2324 3046 2700 3118 Meridiem

631 3210 886 3259 versus
916 3187 1140 3258 modo
1168 3184 1467 3258 declivis
1504 3198 1652 3271 est,
1684 3198 1979 3257 ceterae
2017 3197 2270 3279 partes
2316 3186 2703 3278 abruptae.

734 3325 808 3396 A
863 3326 1131 3397 1?me
1160 3320 1212 3421 3)
1293 3325 1742 3418 Pergamum
1815 3323 2084 3395 ‘dicitur
2164 3324 2391 3417 longe
2458 3321 2700 3427 claris-

629 3463 808 3536 sima
889 3466 1066 3537 urbs
1145 3462 1373 3535 Asiae
1455 3461 1673 3535 fuisse
1697 3520 1712 3549 ‚
1795 3487 1840 3534 a
1924 3462 2349 3535 STRABONE
2391 3457 2443 3558 4)
2524 3463 2705 3533 urbs

638 3661 1043 3670 ———.——-———-

698 3800 730 3858 ¹)
763 3801 978 3846 STRABO
1006 3802 1061 3847 C.
1082 3816 1130 3858 p.
1153 3804 1269 3860 625:
1308 3791 1436 3856 ,,ἐπὶ
1482 3789 1539 3843 δὲ
1583 3788 1668 3843 τὸν
1711 3789 1855 3842 νότον
1901 3791 2062 3860 ὀρεινὴ
2110 3790 2266 3862 ῥάχις
2310 3783 2501 3843 ἑστίν”.

694 3897 731 3953 ²)
764 3896 981 3941 STRABO
999 3897 1053 3942 C.
1071 3911 1119 3954 p.
1136 3898 1253 3956 623:
1287 3884 1439 3958 μὸρος
1470 3885 1843 3960 στροβιλοειὸὲς
1862 3887 1930 3946 εὶς
1950 3886 2119 3949 ὀξεῖαν
2139 3887 2354 3959 κορυφὴν
2375 3878 2699 3957 ἀπολῆγον”.

695 3994 730 4052 ³)
762 3994 1012 4046 PmeS,
1050 3994 1166 4038 Hist.
1205 3995 1325 4040 Nat.
1359 3995 1420 4047 V,
1453 4010 1526 4053 33.

697 4091 731 4149 ¹⁹)
765 4090 980 4135 STRABO
1013 4089 1070 4136 C.
1099 4104 1148 4146 p.
1171 4092 1289 4150 623:
1327 4082 1615 4152 ,,ἐπιφανὴς
1658 4080 1805 4141 πόλις
1849 4079 2011 4133 πολὺν
2057 4084 2488 4150 συνευτυχήσασα
2519 4077 2705 4150 χρόνον

642 4184 739 4237 τοῖς
779 4171 1102 4236 Ἀτταλικοῐς
1144 4167 1511 4248 βασιλεῦσιν”.

2427 4300 2459 4347 2
