3469 5063
1525 462 1616 548 65

538 648 749 737 sunts
777 663 1001 755 Quod
1036 662 1392 757 proelium
1429 664 1853 757 ponendum
1892 677 2006 735 est
2040 689 2215 736 vere
2253 665 2421 737 anni
2464 690 2604 756 242

540 829 602 874 a.
660 802 822 875 Chr.
880 815 1023 873 nat.
1106 801 1287 873 Fine
1344 800 1532 873 enim
1572 803 1886 874 'demum
1941 803 2111 874 anni
2153 827 2287 892 241
2338 829 2399 876 a.
2444 805 2608 877 Chr.

540 956 684 1013 nat.
741 941 1107 1012 Eumenes
1161 941 1190 1010 I
1245 941 1399 1012 vita
1454 940 1788 1013 decessit.

645 1077 723 1150 Si
801 1079 1114 1151 IUSTINO
1187 1079 1585 1162 credimus,
1664 1105 1783 1153 res
1837 1080 1938 1153 sic
2014 1106 2092 1153 se
2157 1082 2609 1169 habuerunt:

540 1216 913 1288 Antiocho
971 1218 1291 1290 Hierace
1347 1232 1423 1290 et
1493 1219 1811 1291 Seleuco
1870 1218 2218 1292 Callinico
2274 1223 2366 1292 de
2422 1220 2610 1315 prin-

543 1355 788 1449 cipatu
858 1344 1305 1428 certantibus
1360 1355 1540 1428 Asia
1593 1355 1836 1428 Minor
1899 1357 2290 1429 anarchiae
2345 1358 2610 1430 tradita

540 1507 669 1565 est.
777 1496 957 1566 Post
1026 1520 1359 1589 pugnam
1433 1498 1633 1590 apud
1703 1496 2087 1591 Ancyram
2154 1494 2610 1568 commissam

543 1631 859 1704 Galatae
932 1632 1189 1705 elatius
1261 1657 1340 1704 se
1413 1658 1678 1726 gerere
1752 1632 2140 1730 incipiunt;
2206 1636 2299 1706 de
2372 1634 2610 1706 medio

541 1770 797 1842 tollere
878 1772 1144 1850 ducem
1227 1796 1438 1843 suum
1511 1770 1580 1841 in
1654 1770 1895 1842 animo
1951 1771 2263 1856 habent;
2318 1771 2611 1844 liberius

542 1934 621 1980 se
697 1909 922 1981 Asiae
979 1909 1280 1982 Minoris
1352 1908 1698 2004 regiones
1772 1909 2357 2003 depopulaturos
2438 1910 2609 1996 rati,

540 2048 597 2119 si
669 2073 959 2120 omnem
1032 2047 1314 2142 regiam
1388 2047 1683 2142 stirpem
1740 2047 2268 2121 exstinxissent.
2352 2048 2611 2143 Direp-

543 2185 856 2257 tionibus
936 2210 1191 2257 eorum
1274 2184 1755 2257 resistendum
1835 2199 2012 2258 erat.
2137 2187 2289 2259 Sed
2370 2212 2613 2283 neque

547 2322 902 2394 Seleucus
956 2347 1196 2416 neque
1252 2290 1666 2394 Antiochus
1712 2323 1886 2395 satis
1938 2324 2166 2396 valuit
2217 2325 2316 2396 ad
2351 2349 2613 2418 pacem

545 2486 633 2533 ac
688 2460 1004 2556 quietem
1061 2459 1601 2533 restituendam.

648 2601 837 2672 Tum
920 2601 1216 2673 demum
1300 2599 1672 2672 Eumenes
1755 2600 1784 2668 I
1866 2599 2049 2672 Asia
2149 2600 2430 2673 Minore
2513 2602 2614 2674 cis

542 2740 867 2809 Taurum
946 2738 1157 2832 potiri
1254 2738 1561 2823 studuit;
1656 2739 1791 2810 sed
1873 2753 2093 2811 antea
2179 2739 2612 2812 Galatarum

546 2890 886 2948 catervae
958 2877 1318 2948 delendae
1389 2891 1620 2981 perant.
1730 2876 2090 2971 Profligat
2162 2876 2612 2950 Antiochum

548 3015 948 3087 Hieracem
979 3015 1282 3110 eiusque
1313 3015 1610 3102 auxilia,
1642 3040 1837 3111 quae
1866 3015 2207 3110 inprimis
2234 3015 2303 3086 in
2335 3015 2616 3088 Galatis

546 3154 1081 3239 consistebant,
1137 3168 1212 3226 et
1266 3156 1451 3226 fines
1505 3179 1931 3249 propagare
1970 3154 2212 3249 coepit
2248 3153 2613 3248 impendio

544 3293 900 3366 Antiochi.
960 3292 1183 3383 Quod
1237 3294 1598 3387 JUSTINUs
1625 3294 1939 3379 XXVII,
1972 3318 2047 3383 3,
2096 3293 2298 3365 nimis
2326 3317 2615 3387 augens

543 3432 642 3504 sic
679 3432 898 3505 tradit
954 3431 1376 3526 „Antiocho
1413 3431 1609 3503 victo
1649 3456 1815 3503 cum
1854 3432 2223 3503 Eumenes
2268 3429 2612 3502 maiorem

547 3570 799 3665 (Asiae
855 3571 1185 3669 Minoris)
1240 3585 1525 3666 partem
1581 3571 2084 3664 occupasset.'’

651 3707 967 3782 Galatae
1048 3710 1182 3783 soli
1254 3712 1656 3782 Eumenem
1727 3707 2257 3803 prohibuerunt
2311 3732 2402 3779 ne
2456 3722 2615 3780 tota

545 3845 723 3918 Asia
806 3846 1089 3919 Minore
1172 3847 1274 3920 cis
1356 3849 1681 3919 Taurum
1756 3844 2130 3940 potiretur.
2231 3847 2402 3917 Non
2460 3844 2616 3917 fieri

546 3998 877 4077 poterat,
959 3984 1129 4078 quin
1213 3985 1527 4058 Galatae
1609 4001 1685 4056 et
1757 3985 2125 4056 Eumenes
2193 3982 2598 4055 collideren-

546 4134 693 4204 tur;
775 4124 907 4193 sed
990 4147 1185 4194 mors
1267 4123 1671 4195 Eumenem
1747 4121 1892 4194 suis
1948 4121 2229 4216 coeptis
2283 4119 2612 4214 abripuit.

2341 4273 2372 4321 5
