3469 5063
1028 1220 1186 1296 DE
1264 1220 1534 1298 SITU
1609 1222 1968 1304 URBIS
2044 1224 2616 1318 PERGAMI.

1614 1494 2026 1501 ——-———.

887 1705 1250 1790 Undecim
1305 1718 1456 1789 fere
1515 1719 1712 1791 milia
1769 1743 2116 1814 passuum
2180 1720 2530 1792 orientem
2595 1747 2855 1794 versus

782 1856 879 1926 ab
981 1854 1249 1926 Aeolio
1330 1855 1578 1942 litore,
1663 1881 1756 1927 ex
1836 1858 2153 1929 adverso
2235 1857 2458 1930 Lesbi
2537 1858 2852 1944 insulae,

779 1990 1016 2085 surgit
1056 1991 1125 2062 in
1157 1991 1443 2087 Mysiae
1492 1990 1801 2086 regione
1841 1993 1984 2091 (cui
2009 1966 2457 2066 Teuthrania
2486 1990 2537 2092 1)
2585 2019 2852 2066 nomen

780 2129 958 2226 est),
1042 2153 1256 2201 mons
1337 2130 1711 2225 oblongus
1791 2130 1860 2202 in
1944 2132 2401 2215 altitudinem
2456 2133 2606 2204 fere
2664 2129 2852 2204 mille

778 2269 1088 2364 pedum,
1141 2266 1210 2337 in
1268 2268 1475 2340 cuius
1502 2269 1781 2341 vertice
1838 2272 2015 2342 urbs
2057 2271 2504 2365 Pergamum
2554 2271 2854 2343 condita

778 2422 906 2480 est.
962 2377 1408 2501 Pergamum
1445 2405 1835 2480 intermeat
1871 2376 2160 2481 Selinus
2190 2409 2489 2491 fluvius,
2531 2423 2853 2503 praeter-

779 2551 1015 2620 fluunt
1069 2545 1316 2638 Cetius
1363 2546 1751 2639 (originem
1799 2550 2079 2619 ducens
2126 2573 2168 2619 e
2197 2548 2517 2619 Pindaso
2567 2551 2850 2641 monte)

778 2700 854 2757 et
908 2682 1173 2755 Caicus
1200 2680 1252 2779 2>
1325 2708 1460 2777 per
1514 2709 1779 2779 agrum
1836 2686 2054 2757 valde
2110 2685 2416 2758 fertilem
2443 2681 2495 2783 3>
2552 2711 2642 2757 ac
2697 2686 2849 2758 fere

778 2823 1128 2918 optimam
1209 2791 1493 2917 partem
1575 2823 1860 2919 Mysiae
1883 2882 1899 2910 ,
1982 2825 2104 2919 qui
2183 2824 2458 2897 initium
2545 2824 2740 2920 capit
2809 2852 2849 2897 e

777 2960 1147 3032 radicibus
1229 2960 1489 3032 Temni
1540 2961 1541 2964 ’
1587 2951 1851 3035 montis
1940 2968 2015 3035 et
2096 2989 2330 3059 usque
2414 2965 2511 3036 ad
2595 2963 2850 3036 Sinum

778 3099 1166 3172 Elai‘ticum
1213 3099 1544 3194 pertinet.
1603 3100 1924 3197 Campus
1961 3103 2078 3175 ille
2111 3103 2565 3175 occidentem
2593 3128 2851 3175 versus

838 3349 873 3406 1)
904 3349 976 3394 Cf.
1008 3350 1275 3394 THRaMER
1311 3351 1631 3409 „Pergamos”
1665 3364 1713 3407 p.
1750 3354 1838 3406 187
1874 3352 1996 3410 „Die
2029 3352 2337 3408 Landsclzaft
2380 3352 2733 3396 Teuthrania.''
2776 3351 2848 3396 Cf.

715 3449 720 3456 '
774 3446 1041 3489 THRaMER
1076 3447 1400 3504 „Pergamos”
1436 3459 1482 3502 p.
1520 3448 1608 3490 186
1643 3447 1778 3504 „also
1809 3448 2002 3491 beiden
2025 3447 2287 3503 Tragikern
2312 3448 2519 3492 dieselbe
2539 3446 2851 3504 Vorstellung
2948 3458 2955 3463 ·

774 3542 860 3585 wie
907 3542 984 3586 bei
1031 3542 1237 3593 Pindar‚
1287 3543 1397 3586 dass
1445 3542 1742 3587 Teuthrania
1787 3555 1879 3585 nur
1910 3542 1987 3585 ein
2020 3542 2185 3586 Bezirk
2219 3542 2302 3585 der
2334 3541 2852 3585 Gesammtlandschaft

774 3639 964 3693 Mysien
987 3639 1080 3693 sei;
1114 3638 1243 3683 diese
1264 3639 1581 3695 Vorstellung
1599 3638 1734 3682 theilt
1758 3638 1998 3682 Herodot''
2021 3638 2127 3695 (VI,
2151 3640 2237 3695 283
2264 3638 2375 3689 VH,
2396 3637 2489 3696 42).
2528 3637 2602 3683 Cf.
2625 3638 2847 3683 PLINIUS

774 3733 903 3777 Hist.
938 3734 1059 3779 Nat.
1093 3735 1153 3785 V,
1188 3714 1260 3791 33.
1297 3734 1484 3793 „Supra
1514 3735 1722 3780 Aeolida
1754 3739 1801 3779 et
1831 3741 2015 3790 partem
2048 3734 2256 3779 Troadis
2287 3734 2335 3778 in
2370 3734 2722 3779 mediterraneo
2753 3742 2850 3787 est,

771 3842 896 3886 quae
926 3837 1123 3897 vocatur
1154 3831 1474 3882 Teuthrania,
1511 3845 1659 3889 quam
1692 3832 1820 3888 Mysi
1854 3831 2117 3889 antiquitus
2148 3831 2353 3875 tenere.'’

835 3925 870 3984 2)
903 3927 975 3972 Cf.
1008 3928 1230 3972 Pmes
1266 3928 1390 3972 Hist.
1426 3929 1546 3974 Nat.
1580 3929 1641 3979 V,
1674 3941 1762 3987 333
1796 3928 2012 3973 STRABo
2046 3927 2101 3973 C.
2134 3941 2179 3984 p.
2215 3929 2322 3984 6243
2365 3926 2584 3971 STRABO
2617 3928 2722 3984 Cp.
2740 3929 2846 3973 616.

834 4023 869 4080 ³)
902 4024 974 4069 Cf.
1008 4024 1223 4068 STRABO
1263 4023 1317 4068 C.
1350 4038 1398 4080 p.
1433 4026 1525 4080 624
1558 4019 1808 4086 παραρρὲι
1843 4006 1892 4066 δ’
1920 4013 1945 4066 ‘o
1980 4012 2167 4073 Καΐκος
2196 4011 2254 4066 τὸ
2288 4015 2557 4086 Πέργαμον
2579 4053 2594 4078 ,
2634 4011 2723 4066 διὰ
2756 4018 2843 4066 τοῦ

776 4109 969 4163 Καΐκου
1011 4109 1192 4163 πεδίου
1236 4112 1745 4183 προσαγορευομένου
1790 4109 1987 4183 σφόδρα
2030 4109 2312 4182 εὐδαίμονα
2353 4118 2453 4182 ’γῆν
2481 4109 2721 4175 διεξιών.

3444 1327 3453 1513 *ha*
3437 1072 3453 1313 ιω

3437 1990 3453 2820 wQ--n——n
3437 1608 3453 1975 mm„
3445 1553 3453 1573 ..ι
