3469 5063
1763 464 1853 547 76

767 664 1040 736 lentum
1113 663 1181 735 in
1253 663 1675 736 meditando
1697 721 1713 750 ‚
1787 664 1913 737 ubi
1979 665 2466 761 prorupisset,
2522 666 2839 742 tristibus

766 800 978 873 dictis
1031 801 1310 873 atrocia
1364 800 1561 874 facta
1614 802 2086 897 coniungere.

873 940 1119 1033 Lege:
1177 953 1259 1011 ut
1311 944 1755 1011 cunctatione
1793 945 2161 1035 principis
2199 948 2318 1014 ἱνα
2355 955 2837 1037 asperaretur.

1723 1121 1893 1192 XX.

869 1274 1113 1348 Livius
1170 1276 1238 1359 I,
1297 1300 1380 1365 9,
1451 1300 1555 1366 13.

866 1414 1291 1486 Incusantes
1391 1416 1652 1486 violati
1741 1413 2026 1508 hospitii
2114 1414 2375 1488 foedus
2465 1417 2837 1511 deumque

761 1552 1229 1637 invocanteS‚
1302 1552 1510 1625 cuius
1564 1554 1662 1624 ad
1717 1553 2068 1625 sollemne
2123 1553 2486 1648 ludosque
2542 1580 2676 1649 per
2728 1555 2836 1627 fas

762 1715 851 1761 ac
910 1658 1126 1761 sidem
1184 1689 1477 1784 decepti
1531 1690 1920 1763 venissent.

868 1808 1235 1920 Legatur:
1312 1829 1681 1899 violatum.

1694 2017 1892 2088 XXI.

867 2198 1109 2271 Livius
1158 2199 1412 2285 XXII,
1481 2205 1607 2285 18,
1671 2223 1731 2271 2.

865 2338 1076 2429 Luce‘
1149 2337 1379 2433 prima
1450 2341 1587 2411 sub
1662 2340 1845 2433 iugo
1921 2339 2188 2412 montis
2242 2340 2597 2433 proelium
2670 2339 2831 2425 fuit,

759 2502 908 2572 quo
964 2476 1427 2550 interclusam
1484 2479 1581 2550 ab
1637 2477 1783 2550 suis
1839 2478 2076 2550 levem
2133 2489 2579 2549 armaturam
2622 2477 2830 2575 facile

758 2660 857 2668 -—
931 2615 1195 2687 etenim
1281 2639 1589 2687 numero
1660 2614 2106 2707 aliquantum
2177 2616 2659 2707 praestabant
2728 2657 2826 2665 -

759 2752 1081 2823 Romani
1178 2764 1686 2844 superassent,
1769 2749 1901 2823 nisi
1984 2750 2480 2845 Hispanorum
2565 2752 2829 2824 cohors

758 2891 853 2961 ad
926 2890 1001 2961 id
1074 2889 1309 2983 ipsum
1384 2889 1691 2962 remissa
1757 2891 1854 2961 ab
1912 2888 2333 2962 Hannibale
2376 2894 2828 2984 pervem'sset.

863 3029 1304 3123 Legendum
1362 3040 1509 3101 est:
1569 3032 2071 3122 praevenisset.

1671 3227 1906 3298 XXII.
2002 3234 2006 3237 ’

861 3407 1075 3480 Ovid.
1159 3408 1459 3490 Heroid.
1516 3409 1696 3480 XVI
1746 3435 1759 3479 ε
1817 3431 1957 3502 257
2021 3410 2239 3501 (Edit.
2298 3408 2516 3481 Riese
2585 3410 2827 3503 1871).

758 3547 896 3619 His
969 3571 1157 3641 ego,
1232 3547 1291 3619 si
1348 3571 1686 3642 saperem
1742 3548 2121 3642 pauloque
2177 3545 2533 3618 audacior
2586 3570 2825 3618 essem

959 3699 1205 3758 uterer
1259 3730 1358 3737 —
1415 3700 1696 3771 utetur,
1755 3686 1968 3780 siqua
2023 3685 2270 3779 puella
2325 3685 2518 3779 sapit
2580 3727 2671 3739 -

754 3837 883 3895 aut
937 3848 1087 3918 ego
1143 3823 1481 3917 deposito
1538 3824 1802 3896 faicam
1858 3824 2168 3896 fortasse
2228 3825 2515 3918 pudore

963 3976 1037 4035 et
1090 3964 1291 4034 dabo
1346 3963 1706 4034 devinctas
1759 3977 2094 4058 tempore
2151 3962 2347 4035 victa
2404 3988 2682 4035 manus.

857 4103 1104 4197 Lege:
1181 4104 1545 4174 luctantes.

3399 1316 3409 1421 M
3384 896 3409 1293 4——.-.»-—-
3349 0 3403 843 *KQ*

3413 1862 3414 1891 ᾼ
3409 1792 3412 1833 ι
3376 1624 3413 1753 t*
