3469 5063
1742 510 1838 577 42

755 697 952 768 ἄλλαι
1007 695 1112 768 ἐπ’
1169 697 1341 767 ἄλλα
1396 696 1693 766 θέουσαι.
1801 690 1875 766 ‘O
1930 695 1986 765 δ’
2045 692 2369 766 Ἀττάλου
2423 696 2561 772 ἶσος
2617 695 2829 790 ἀέλλῃ

855 835 1080 930 δίφρος
1134 834 1238 904 ἀεὶ
1292 834 1618 928 προτέραν
1673 832 1909 902 ποσσὶν
1966 833 2201 926 ἔφαινε
2257 832 2455 901 κόνιν.

756 969 881 1042 Χοί
935 970 1055 1065 μὲν
1111 964 1201 1040 ἐτ’
1254 970 1687 1063 ἀμπνείοντες
1745 967 2033 1064 ἐδήριον,
2088 967 2292 1064 αὐτὰρ
2348 971 2382 1037 ὁ
2437 953 2642 1038 τοῖσιν

857 1101 1199 1203 ἐγράφεθ’,
1252 1101 1593 1176 Ἑλλάνων
1651 1112 1794 1182 ταῖς
1847 1105 2007 1174 τόκα
2065 1104 2392 1200 μυριάσιν.

757 1244 953 1339 φήμα
1007 1242 1061 1313 δ’
1100 1245 1194 1320 εἰς
1248 1239 1635 1337 Φιλέταιρον
1689 1240 1987 1333 ἀοίδιμυς
2042 1216 2219 1335 ἦλθε
2274 1240 2379 1311 καὶ
2435 1242 2646 1318 οἴκους

857 1378 1212 1476 Περγάμου
1267 1372 1534 1449 Ἀλείωι
1589 1378 1966 1470 τελσαμένα
2022 1376 2436 1472 στεφάνωι.”

755 1515 867 1614 (cf.
925 1515 1398 1596 SOPHOCLES,
1456 1512 1756 1584 Electra
1815 1510 2287 1606 680—763),

859 1679 901 1725 e
975 1678 1124 1749 quo
1197 1651 1736 1747 epigrammate
1792 1664 2142 1746 apparet,
2199 1649 2562 1745 principes
2616 1651 2832 1723 aulae

755 1793 1266 1886 Pergamenae
1297 1789 1774 1861 certaminum
1807 1787 2316 1884 Olympiorum
2344 1789 2833 1883 pretiosorum

754 1929 1152 2024 participes
1241 1927 1478 2000 fuisse.
1604 1926 1949 1999 Ceterum
2039 1926 2303 1999 diversi
2394 1926 2836 2021 Pergameni

754 2066 1118 2163 principes
1209 2079 1879 2139 commemorantur
1982 2064 2175 2157 (vide
2266 2065 2830 2161 genealogiam,

755 2232 823 2301 p.
884 2203 1030 2303 31),
1104 2205 1373 2300 quibus
1429 2229 1700 2276 nornen
1775 2217 1935 2275 erat
1990 2219 2065 2276 et
2122 2203 2420 2275 Attalus
2475 2218 2550 2275 et
2602 2203 2836 2276 Phile-

755 2360 1040 2417 taerus:
1123 2342 1432 2438 primum
1516 2344 1667 2416 duo
1750 2342 2175 2428 Philetaeri,
2257 2368 2569 2437 quorum
2654 2343 2838 2414 alter

758 2482 970 2578 regni
1043 2482 1403 2568 conditor,
1479 2482 1663 2555 alter
1730 2481 1987 2554 tertius
2055 2481 2245 2554 filius
2295 2479 2536 2553 Attali
2591 2481 2620 2579 I
2676 2494 2837 2553 erat

757 2622 874 2716 (cf.
930 2622 1240 2694 STRABO
1301 2619 1378 2691 C.
1434 2645 1503 2714 p.
1566 2618 1765 2715 624).

863 2761 1009 2835 Sed
1064 2759 1285 2831 modo
1339 2759 1438 2830 ad
1494 2758 1720 2830 filium
1776 2756 2014 2828 Attali
2060 2757 2088 2826 I
2127 2758 2359 2829 verba
2404 2758 2648 2854 »φήμα
2686 2753 2835 2837 ὃέἰς

757 2898 1143 2997 Φιλέταιρον
1175 2899 1467 2994 ἀοίδιμος
1493 2892 1713 2995 ἧλθε”
1743 2895 2108 2991 pertinere
2137 2910 2480 2991 possunt,
2513 2895 2570 2968 si
2597 2895 2836 2968 victor

756 3062 802 3108 a
856 3043 1081 3131 poeta
1135 3036 1479 3108 laudatus
1532 3034 1661 3107 fuit
1713 3002 2010 3109 Attalus
2065 3036 2126 3107 ΙΙ
2148 3094 2163 3120 ,
2206 3037 2410 3130 quod
2446 3033 2833 3108 verisimile

756 3201 901 3247 non
985 3190 1132 3257 est,
1220 3200 1387 3246 nam
1460 3175 1565 3247 sic
1637 3181 1865 3269 poeta
1939 3175 2511 3269 significavisset
2564 3174 2833 3244 famam

755 3315 853 3384 ad
891 3313 1192 3385 victoris
1234 3314 1529 3384 fratrem
1558 3313 1978 3407 pervenisse
2014 3325 2378 3407 regnante
2409 3311 2741 3382 Eumene
2773 3309 2834 3379 ΙΙ

754 3450 1002 3546 gentis
1082 3475 1261 3523 suae
1343 3451 1692 3545 principe.
1822 3450 1955 3522 Cui
2037 3450 2364 3545 opinioni
2444 3462 2832 3554 praeterea

754 3604 1126 3684 repugnat
1214 3588 1631 3683 proprietas
1719 3590 2124 3662 litterarum
2205 3589 2276 3660 in
2360 3585 2831 3681 inscriptione

754 3712 1236 3822 Pergamena
1294 3735 1370 3798 n⁰
1437 3751 1527 3799 1o
1581 3741 2085 3810 exaratarum,
2146 3751 2340 3822 quae
2398 3726 2830 3799 referendae

754 3880 924 3938 sunt
962 3867 1074 3938 -ad
1127 3865 1520 3938 Philetaeri
1574 3867 1604 3937 I
1643 3881 1718 3938 et
1756 3866 2108 3939 Eumenis
2147 3867 2177 3937 I
2215 3879 2558 3938 aetatem.
2634 3866 2832 3937 Nam

753 4006 1037 4078 litterae
1094 4030 1336 4101 neque
1391 4006 1703 4078 eandem
1762 4030 2091 4077 normam
2146 4007 2424 4078 habent
2465 4031 2554 4079 ac
2595 4005 2834 4078 multis

756 4144 962 4218 annis
1032 4158 1240 4240 post,
1316 4146 1508 4215 theta
1583 4143 1773 4237 enim
1847 4158 1923 4216 et
1995 4149 2310 4216 omicron
2367 4157 2536 4217 sunt
2604 4145 2833 4216 multo
