3469 5063
678 1674 1282 1746 Dissertationem
1356 1675 1539 1746 lianc
1614 1679 1693 1747 in
1752 1677 1970 1747 lucem
2025 1678 2417 1746 emissurus
2436 1732 2451 1758 ‚
2510 1701 2651 1768 qua

553 1834 791 1927 finem
866 1831 1150 1903 tandem
1218 1834 1579 1926 imponam
1631 1832 1896 1903 studiis
1949 1835 2119 1904 meis
2171 1831 2616 1903 Academicis
2635 1888 2651 1916 ‚

566 1999 782 2085 grato
838 1993 1078 2062 animo
1134 1993 1213 2061 in
1269 1994 1685 2061 memoriam
1746 2015 1980 2061 revoco
2018 2015 2279 2071 annos,
2309 1999 2448 2083 per
2485 2014 2654 2083 quos

582 2149 915 2217 virorum
987 2145 1352 2218 doctorum
1424 2156 1493 2217 et
1558 2148 2135 2218 clarissimorum
2203 2148 2656 2217 institutione

558 2303 756 2396 frui
805 2303 995 2372 milii
1034 2305 1348 2396 contigit.
1431 2302 1589 2372 Hoc
1645 2303 1784 2372 loco
1809 2302 2066 2395 palam
2103 2326 2381 2372 sensum
2421 2304 2661 2371 animi

572 2461 789 2554 grati
848 2484 1018 2555 erga
1072 2483 1178 2528 eos
1233 2460 1614 2554 testificari
1648 2460 1866 2553 pium
1922 2467 1991 2528 et
2044 2456 2441 2528 iucundum
2495 2457 2655 2552 cfffi-

580 2619 769 2686 cium
825 2616 1015 2687 duco.

682 2772 795 2843 Ac
835 2776 1170 2866 primum
1240 2773 1431 2855 Tibi,
1495 2776 1615 2844 vir
1667 2759 2066 2843 clarissime
2101 2771 2451 2858 WIJNNE,
2482 2783 2654 2865 pro-

582 2936 813 2998 motor
866 2931 1433 2998 aestimatissime
1450 2985 1467 3010 ,
1519 2932 1812 3023 gratias
1866 2954 2081 3022 quam
2138 2930 2493 2998 maximas
2528 2953 2655 3022 ago

463 3099 469 3104 ·
569 3093 712 3177 pro
793 3107 1074 3152 summa
1159 3083 1665 3164 benevolentia,
1755 3108 1896 3176 qua
1964 3094 2105 3176 per
2184 3107 2384 3152 omne
2464 3082 2666 3152 illud

583 3247 853 3332 tempus
899 3263 1006 3308 me.
1033 3245 1449 3331 prosecutus
1483 3264 1580 3322 es,
1618 3246 1686 3307 et
1705 3249 1849 3331 pro
1895 3236 2212 3321 auxilio,
2253 3236 2442 3330 quod
2474 3236 2663 3307 mz‘lzz·

586 3397 665 3465 in
719 3394 842 3465 lzoc
897 3394 1132 3465 libello
1187 3394 1670 3465 conscribendo
1727 3394 1985 3464 tulisti.

703 3550 776 3620 T
760 3576 809 3620 u
866 3575 1140 3645 quoque
1193 3551 1384 3621 milti
1414 3549 1939 3644 compellandus
1974 3578 2074 3635 es,
2116 3553 2238 3620 vir
2271 3548 2660 3621 doctissime

583 3727 744 3774 VAN
801 3704 1341 3778 HERWERDEN.
1422 3706 1709 3800 Semper
1749 3706 2063 3777 laetabor
2099 3732 2206 3777 me
2256 3705 2327 3776 T
2314 3709 2429 3777 uis
2469 3706 2656 3777 lecti-

582 3861 832 3930 onibus
886 3862 1320 3956 interfuisse.

703 4016 896 4101 Tibi,
968 4018 1365 4089 clarissime
1418 4018 1894 4103 FRANCKEN,
1952 4021 2084 4111 qui
2133 4043 2325 4089 nunc
2352 4018 2658 4112 frueris

584 4176 721 4243 otio
759 4199 917 4244 cum
954 4174 1310 4269 dignitate
1324 4230 1339 4259 ‚
1371 4176 1664 4269 gratias
1684 4230 1699 4257 ‚
1748 4198 1930 4267 quas
1980 4173 2142 4244 Tibi
2171 4173 2363 4244 debeo
2386 4230 2402 4260 ,
2445 4174 2657 4245 liben-

590 4331 856 4398 tissime
906 4355 1054 4425 ago.
