3469 5063
1760 495 1862 562 4o

772 675 873 749 Cf.
930 675 1245 772 denique
1319 678 1696 751 DIOGENIS
1770 685 2084 751 LAeRTn
2147 680 2369 768 liber,
2426 682 2549 776 qui
2606 684 2850 757 inscri—

768 813 960 886 bitur
1020 875 1057 908 ‚‚
1088 814 1289 888 Vitae
1325 817 1969 911 phz'losophorum’'
2000 818 2120 902 IV,
2162 825 2245 905 ὁ,
2290 824 2424 909 38:
2484 823 2846 920 ,,ἐχορήγει

769 956 956 1049 αὐτῷ
1011 949 1483 1053 (Ἀρκεσιλάῳ)
1538 956 1756 1027 πολλὰ
1810 953 2120 1053 Εὐμένης
2174 962 2208 1028 ὅ
2262 964 2375 1029 τοῦ
2424 958 2838 1057 Φιλεταίρου·

772 1092 870 1161 διὸ
899 1091 1006 1162 καὶ
1035 1091 1250 1188 τούτῳ
1282 1093 1465 1188 μόνῳ
1495 1100 1629 1163 τῶν
1659 1093 1879 1162 ἄλλων
1912 1093 2308 1193 βασιλέων
2353 1095 2844 1193 προσεφώνει.”

876 1227 994 1298 De
1051 1228 1313 1298 eadem
1369 1227 1803 1321 quaestione
1860 1228 2037 1301 dicit
2091 1204 2527 1316 THRarrEQ
2583 1231 2845 1327 Progr.

676 1341 682 1347 ’
771 1392 831 1435 v.
888 1365 1172 1451 Ἑρμέῃ,
1227 1390 1295 1459 ρ,
1359 1371 1491 1450 26,
1569 1391 1634 1437 n.
1707 1389 1825 1458 95.
1940 1362 2359 1461 „Ammoi
2415 1371 2706 1471 βασιλεῖς
2760 1369 2849 1441 ist

773 1501 977 1601 (hier)
1030 1502 1096 1574 in
1155 1504 1288 1576 der
1316 1503 1812 1598 allgemeinen
1851 1505 2300 1598 Bedeutung
2334 1506 2847 1600 „Pergameni-

768 1642 941 1714 sche
1015 1641 1468 1715 Herrscher”
1526 1643 1962 1737 gebraucht.
2075 1642 2211 1715 Als
2276 1642 2602 1738 singular
2656 1646 2849 1717 steht

770 1780 841 1851 in
943 1780 1223 1852 diesem
1299 1779 1521 1852 Sinne
1594 1805 1826 1874 sogar
1890 1782 2024 1855 das
2098 1780 2428 1853 einfache
2500 1778 2845 1863 Ἄτταλος.

771 1918 1245 2011 Festgestellt
1314 1918 1440 1988 hat
1513 1917 1669 1990 dies
1743 1920 2009 1991 MEIER
2071 1918 2139 1990 in
2196 1920 2437 1991 seiner
2493 1919 2847 1992 Abhand-

768 2056 951 2151 lung
1008 2057 1191 2127 iiber
1244 2058 1377 2128 das
1432 2057 2046 2151 pergamenische
2106 2057 2383 2129 Reich'’
2443 2056 2728 2151 (Ersclz.
2779 2086 2845 2130 u.

780 2196 1088 2279 Grz'c'ber‚
1122 2205 1196 2285 30
1228 2194 1421 2267 Sect.
1454 2194 1599 2266 XV
1629 2209 1703 2266 et
1731 2195 1906 2266 XVI
1936 2221 2004 2291 p.
2039 2221 2077 2286 3
2095 2218 2130 2288 5
2155 2197 2240 2290 1).
2280 2196 2399 2267 De
2430 2196 2845 2269 Philetaero

770 2332 934 2405 nihil
969 2347 1359 2429 praeterea
1399 2333 1792 2405 memoriae
1831 2334 2201 2429 proditum
2241 2349 2370 2407 est.
2442 2335 2845 2429 Postquam

768 2497 901 2568 per
956 2497 1190 2546 annos
1242 2471 1500 2567 viginti
1555 2472 1895 2547 dominus
1951 2471 2216 2545 mansit
2269 2471 2576 2558 castelli,
2614 2498 2655 2545 e
2693 2474 2846 2546 vita

769 2610 1100 2684 decessit.
1184 2612 1298 2682 Ex
1340 2635 1574 2694 anno,
1613 2635 1766 2705 quo
1798 2611 2097 2683 Attalus
2134 2611 2163 2680 I
2202 2625 2536 2683 mortuus
2573 2626 2687 2683 est
2723 2611 2844 2710 (de

769 2773 918 2843 quo
972 2747 1147 2821 satis
1203 2744 1557 2845 constat),
1606 2773 1879 2820 annum
1926 2748 2190 2821 elicere
2228 2773 2655 2843 possumuS‚
2695 2775 2844 2845 quo

770 2885 1222 2960 Philetaerus
1294 2887 1484 2960 diem
1572 2911 1991 2982 supremum
2070 2888 2352 2960 obierit.
2467 2888 2761 2961 Attalus
2793 2890 2846 2992 Ι

770 3038 1016 3098 autem
1088 3051 1264 3098 vere
1338 3026 1509 3098 anni
1595 3048 1730 3116 197
1791 3052 1855 3099 a.
1912 3025 2075 3100 Chr.
2133 3040 2277 3100 nat.
2325 3052 2491 3099 cum
2546 3027 2617 3098 in
2676 3052 2846 3099 con·

771 3164 929 3236 cilio
987 3166 1436 3237 Boeotorum
1492 3165 1772 3237 Thebis
1825 3166 2057 3237 verba
2114 3165 2360 3237 facere
2417 3179 2839 3246 conaretur,

767 3302 1014 3375 subito
1086 3305 1346 3374 morbo
1403 3302 1715 3374 afflictus
1773 3301 2090 3374 concidit
2146 3301 2437 3399 (LIVIUS
2489 3300 2843 3383 XXXIII,

774 3465 838 3526 2,
901 3439 988 3535 2).
1074 3440 1242 3531 Quo
1299 3464 1476 3512 casu
1531 3439 1957 3511 debilitatus
1995 3436 2342 3532 quamdiu
2380 3434 2651 3517 vixerit,
2694 3459 2840 3505 non

766 3591 1115 3650 accurate
1197 3576 1544 3662 traditur,
1626 3576 1761 3648 sed
1842 3574 2090 3646 Livius
2159 3587 2330 3669 post
2402 3571 2842 3644 mentionem

750 3714 1023 3816 ‘proelii
1100 3717 1197 3786 ad
1272 3713 1839 3809 Cynocephalas
1912 3711 2272 3784 commissi
2344 3711 2602 3796 refert,
2676 3735 2844 3782 eum

739 3850 1037 3939 ¹Thebis
1134 3853 1578 3946 Pergamum
1680 3851 2073 3923 advectum
2154 3850 2563 3923 decessisse
2648 3850 2843 3938 (L1v.

766 3990 1131 4076 XXXIII,
1194 4014 1277 4062 21
1311 4048 1326 4076 ,
1378 3988 1459 4087 1).
1536 3988 2076 4084 Suspicandum
2116 4014 2339 4084 ergo,
2378 3989 2453 4060 id
2491 4001 2843 4060 autumno

766 4129 936 4202 anni
1003 4151 1136 4220 197
1197 4153 1260 4200 a.
1320 4128 1484 4200 Chr.
1542 4142 1686 4200 nat.
1743 4128 2017 4200 factum
2074 4152 2254 4200 esse.

3455 1396 3460 1423 ,
3415 1173 3461 1281 &A
