3469 5063
1793 505 1888 553 20

805 688 981 785 362)
1018 685 1389 791 defecerit,
1430 695 1804 785 7,κρατῆσαι
1842 698 1974 759 τῶν
2014 688 2473 787 Περγαμηνῶν
2521 692 2626 762 καὶ
2665 695 2876 785 μετοί-

800 853 975 897 κισαι
1031 827 1263 906 αὐτοὺς
1315 826 1511 897 πάλιν
1567 827 1675 897 ἐπὶ
1728 829 1839 897 τὸν
1896 828 2185 897 κολωνὸν
2258 829 2352 905 εἰς
2403 829 2525 923 τὴν
2580 827 2871 898 παλαιὰν

800 964 1028 1055 πόλιν,
1101 965 1244 1034 εἶτα
1315 964 1439 1058 τὴν
1513 964 1700 1032 πόλιν
1767 964 2210 1060 ἐπιτρέψαντα
2263 959 2661 1061 Ἀρταξέρξῃ
2719 965 2875 1034 ἀπο-

802 1099 1094 1171 θανεῖν.”
1218 1098 1604 1189 Quaenam
1686 1111 1847 1169 erat
1929 1122 2192 1187 causa,
2274 1111 2582 1192 propter
2653 1124 2874 1193 quam

802 1234 1249 1330 Pergameni
1319 1236 1414 1307 de
1489 1248 1738 1307 monte
1805 1259 1941 1307 suo
1996 1236 2282 1329 expulsi
2337 1240 2593 1308 erant?
2669 1238 2874 1330 Erga

802 1399 1056 1469 regem
1130 1374 1518 1445 Persarum
1593 1386 2128 1467 peccaverant,
2196 1398 2365 1445 cum
2422 1375 2874 1470 Xenophon-

803 1528 951 1584 tem
1008 1512 1463 1605 recepissent
1517 1524 1591 1583 et
1644 1510 2132 1597 adiuvissent,
2187 1513 2454 1584 deinde
2493 1514 2589 1585 ad
2630 1514 2872 1585 Thim-

801 1650 1052 1722 bronis
1098 1663 1349 1744 partes
1396 1648 1871 1722 transiissent.
1926 1648 2115 1721 Fieri
2159 1664 2442 1744 potest,
2491 1665 2572 1722 ut
2599 1634 2872 1723 Persae

800 1788 1145 1860 secundis
1242 1788 1451 1880 pacis
1539 1787 1980 1859 Antalcidae
2081 1788 2623 1861 conditionibus
2705 1788 2875 1859 elati

803 1928 1310 2020 Pergamenos
1366 1927 1549 1997 urbe
1610 1926 2024 2018 expulerint
2078 1939 2153 1997 et
2214 1926 2313 1998 ita
2365 1950 2649 2021 poenas
2705 1951 2870 1997 exe-

800 2062 1044 2158 gerint
1123 2061 1553 2135 delictorum
1627 2062 1696 2134 in
1773 2088 2133 2158 magnum
2208 2089 2463 2159 regem
2532 2063 2873 2135 commis—

799 2227 1070 2273 sorum.
1181 2203 1399 2273 Haec
1471 2202 1623 2274 fere
1698 2216 1905 2288 sunt,
1978 2227 2171 2298 quae
2254 2201 2565 2275 dicenda
2645 2201 2873 2273 habui

798 2341 893 2412 de
990 2340 1292 2413 historia
1373 2340 1572 2413 urbis
1664 2340 2008 2435 Pergami
2097 2355 2267 2413 ante
2350 2366 2621 2412 annum
2729 2346 2863 2412 281

800 2502 864 2550 a.
932 2477 1096 2552 Chr.
1173 2505 1279 2569 n.,
1354 2503 1503 2573 quo
1561 2503 1757 2551 anno
1813 2475 2273 2551 Philetaerus
2328 2503 2373 2550 a
2430 2479 2874 2574 Lysimacho

800 2615 1071 2687 defecit
1141 2630 1217 2688 et
1287 2616 1768 2687 fundamenta
1838 2615 2116 2710 imperii
2189 2617 2638 2711 Pergameni
2690 2617 2874 2689 iecit.
