3469 5063
1614 477 1703 544 41

732 661 1220 755 Regnaverat
1272 685 1507 733 annos
1559 684 1656 752 44
1716 675 1792 733 et
1844 686 2072 734 senex
2122 687 2164 733 e
2202 661 2353 734 vita
2390 662 2706 735 decessit

627 824 824 872 anno
876 819 1010 888 197
1045 822 1108 869 a.
1140 798 1301 870 Chr.
1334 811 1477 869 nat.
1506 794 1597 888 1);
1637 823 1954 893 regnum
1984 799 2210 893 igitur
2247 799 2393 873 iniit
2420 804 2520 872 a⁰.
2557 825 2646 891 24
2670 825 2693 871 1

627 963 689 1009 a.
748 920 911 1008 Chr.
969 950 1112 1008 nat.
1223 937 1590 1010 Eumenes
1645 938 1712 1024 I,
1771 937 1887 1009 cui
1948 938 2247 1010 Attalus
2317 938 2701 1021 successit,

626 1074 1006 1169 imperium
1062 1087 1403 1147 tenuerat
1438 1100 1672 1148 annos
1715 1100 1803 1147 22
1838 1072 1920 1171 2);
1969 1074 2213 1171 itaque
2253 1075 2705 1150 Philetaerus

629 1226 962 1285 mortuus
1016 1226 1129 1285 est
1182 1238 1376 1285 anno
1440 1219 1579 1303 263
1642 1238 1704 1285 a.
1764 1214 1928 1287 Chr.
1985 1228 2131 1287 nat.
2220 1216 2618 1288 LUCIANUs
2647 1211 2702 1307 3)

627 1350 830 1447 ponit
883 1376 1051 1423 eum
1105 1350 1292 1424 inter
1347 1352 1801 1446 longaeVOS,
1867 1377 2175 1425 narrans
2245 1378 2410 1425 eum
2468 1378 2704 1426 annos

627 1490 1012 1584 octoginta
1067 1503 1317 1562 natum
1374 1490 1887 1563 mortalitatem
1941 1491 2364 1586 explevisse.

729 1614 1114 1722 Inscriptio
1196 1629 1663 1724 Pergamena
1772 1640 1872 1701 n0.
1967 1653 2053 1701 10
2145 1630 2471 1702 continet
2561 1630 2705 1725 epi-

624 1792 963 1863 gramma
1064 1774 1332 1863 poetae
1412 1766 1648 1862 ignoti
1739 1766 1808 1839 in
1904 1769 2259 1840 honorem
2350 1767 2700 1840 victoriae

626 1905 857 1978 Attali
912 1906 1293 1978 cuiusdam
1352 1904 1745 2001 Olympiae
1794 1906 1863 1978 in
1907 1904 2302 1979 certamine
2344 1931 2700 2001 equorum

629 2058 1088 2138 reportatae:

632 2259 910 2353 ,,Πολλὰ
939 2261 1057 2354 μὲν
1087 2264 1160 2357 ἐγ
1191 2260 1444 2361 Λιβύης
1463 2258 1621 2358 ἦλθ’
1643 2261 1933 2359 ἅρματα,
1954 2262 2172 2333 πολλὰ
2193 2262 2247 2331 δ’
2269 2257 2382 2332 ἀπ’
2400 2257 2702 2360 Ἀργευς,

730 2397 947 2468 πολλὰ
1001 2398 1073 2468 δὲ
1127 2400 1388 2495 πιείρης
1440 2393 1599 2495 ἦλθ’
1654 2400 1787 2468 ἀπὸ
1844 2396 2255 2495 Θεσσαλίης,

628 2538 790 2606 οἷσιν
847 2537 1269 2634 ἐνηριθμεῖτο
1324 2537 1430 2607 καὶ
1486 2534 1825 2609 Ἀττάλου·
1882 2537 2097 2634 ἀθρόα
2148 2538 2203 2609 δ’
2243 2536 2498 2633 ὕσπληξ

729 2673 947 2744 πάντα
1003 2673 1109 2744 διὰ
1164 2679 1487 2770 στρεπτοῢ
1542 2674 1787 2745 waiva-ff
1842 2676 2092 2771 ἔχουσα
2144 2676 2350 2746 κάλω·

627 2812 672 2907 ἢ
730 2805 873 2906 μεγ’
928 2810 1336 2906 ἐπαχήσασα
1391 2810 1554 2888 θοὰς
1611 2811 1899 2907 ἐξήλασε
1953 2812 2241 2905 πώλους,

732 2952 803 3018 αἱ
855 2947 927 3017 δὲ
982 2947 1089 3017 διὰ
1144 2947 1411 3018 σταδίου
1465 2947 1705 3017 πυκνόν
1763 2946 1984 3044 ὅρεγμ’
2038 2950 2318 3044 ἔφερον,

693 3273 725 3331 ¹)
757 3274 868 3318 le.
903 3273 1130 3325 XXXHI,
1164 3287 1248 3318 21:
1291 3273 1507 3332 „Eodem
1540 3279 1759 3330 tempore
1790 3272 1915 3331 (197)
1948 3281 1993 3317 et
2017 3285 2098 3316 rex
2119 3272 2313 3317 Attalus
2337 3272 2534 3316 moritur
2553 3272 2704 3315 altero

625 3378 669 3415 et
718 3371 1076 3427 septuagesimo
1122 3383 1278 3421 anno,
1334 3383 1444 3415 cum
1492 3376 1723 3428 quattuor
1771 3376 1816 3414 et
1866 3369 2191 3426 quadraginta
2220 3381 2375 3412 annos
2414 3368 2704 3425 regnasset.''

628 3470 819 3514 POLYB.
859 3469 1042 3519 XVIII,
1076 3482 1164 3525 24:
1199 3457 1408 3529 ,,τυχὼν
1445 3454 1502 3510 δὲ
1535 3462 1625 3516 τῆς
1651 3462 1802 3527 τιμῆς
1830 3458 2016 3516 ταύτης
2043 3450 2367 3526 (βασιλείας)
2394 3454 2477 3506 καὶ
2507 3453 2703 3525 βιώσας

626 3551 710 3611 ἔτη
742 3552 833 3607 δυο
860 3550 984 3625 πρὸς
1009 3561 1116 3615 τοῖς
1142 3551 1504 3625 ἑβδομήκοντα
1521 3594 1534 3618 ,
1564 3556 1751 3607 τούτων
1782 3550 1839 3606 δὲ
1864 3551 2177 3623 βασιλεύσας
2202 3552 2590 3623 τεσσαράκοντα
2617 3553 2701 3603 καὶ

626 3642 915 3721 τέσσαρα.”
943 3662 1161 3707 STRABO
1180 3662 1236 3708 C.
1252 3676 1299 3719 p.
1316 3664 1436 3718 624:
1459 3649 1811 3722 ,βασιλεύσας
1839 3646 1923 3706 ἔτη
1959 3652 2115 3715 τρία
2146 3647 2233 3701 καὶ
2260 3644 2705 3718 τετταράκοντα.”

690 3757 726 3815 ²)
759 3756 975 3801 STRABO
1008 3757 1063 3803 C.
1096 3771 1143 3814 p.
1167 3760 1283 3815 624:
1318 3748 1582 3820 ,,Εὐμένης
1615 3745 1710 3800 δύο
1745 3744 1803 3799 δὲ
1836 3749 1921 3798 καὶ
1958 3744 2145 3799 εἰκόσιν
2184 3742 2344 3814 ἄρξας
2378 3742 2460 3801 ἔτη
2494 3744 2701 3798 τελευτά

629 3838 715 3892 τὸν
757 3837 940 3914 βίον.”

690 3950 727 4007 ³)
758 3950 987 3995 Lucum.
1020 3939 1295 4011 μακοόβιοι
1327 3953 1383 3997 C.
1420 3965 1501 3996 12:
1536 3940 1869 4010 ηΦιλέταιρος
1895 3939 1952 3994 δὲ
1978 3947 2176 4007 πρῶτος
2208 3938 2299 4011 μὲν
2331 3937 2582 3998 ἐκτήσατο
2610 3939 2703 3995 τὴν

626 4036 739 4106 περὶ
774 4037 1043 4108 Πέργαμον
1089 4032 1257 4109 ἄρχην
1302 4038 1389 4090 καὶ
1433 4040 1681 4110 κατέσχεν
1725 4039 1970 4109 εὐνοῦχος
2012 4034 2116 4101 ὧν,
2165 4056 2289 4088 κατε
2279 4036 2476 4108 ’στρεψε
2519 4033 2577 4087 δὲ
2618 4056 2704 4086 τον

626 4133 744 4204 βίον
793 4132 1114 4203 ὀγδοήκοντα
1161 4130 1285 4186 ἐτῶν
1328 4133 1613 4206 γενόμενος.
