3469 5063
1746 487 1835 552 24

750 681 908 740 erat
932 664 986 755 1)
1008 725 1023 753 ,
1074 668 1191 739 cui
1229 669 1680 763 Pergamum
1719 662 2019 765 quoque
2057 684 2132 742 et
2167 655 2442 742 vicinas
2480 671 2827 765 regiones

750 806 1135 879 adiunctas
1216 831 1379 880 esse
1463 806 1711 880 titulus
1805 833 1828 879 1
1857 833 1880 879 1
1898 832 1941 897 4
2027 833 2120 880 ex
2193 809 2828 882 DITTENBERGERI

759 946 1071 1041 Syllogz‘s
1125 971 1260 1019 nos
1314 947 1538 1018 docet
1591 944 1664 1039 2).

852 1083 1118 1156 Paucis
1171 1084 1378 1158 annis
1431 1099 1602 1179 post
1657 1085 1845 1158 Asia
1902 1085 2145 1157 Minor
2197 1088 2336 1158 sub
2379 1100 2827 1180 potestatem

750 1222 1114 1317 Antigoni
1157 1223 1459 1295 redacta
1506 1238 1619 1296 est
1636 1258 1658 1309 ‚·
1700 1249 1851 1318 quo
1890 1192 2092 1319 apud
2121 1225 2366 1319 Ipsum
2395 1223 2619 1322 <anno
2652 1232 2829 1322 301)

753 1360 1067 1443 devicte,
1095 1359 1397 1454 imperio
1427 1361 1844 1457 Lysimachi
1870 1362 2205 1435 subiecta
2234 1376 2363 1434 est.
2401 1363 2624 1436 Anno
2662 1370 2840 1449 281,-

753 1523 903 1593 quo
978 1498 1461 1594 Lysimachus
1516 1501 1586 1571 in
1645 1500 1816 1573 Cori
1870 1499 2163 1595 planitie
2219 1502 2634 1575 debellatus
2688 1518 2826 1585 est,

753 1638 849 1708 ad
933 1636 1483 1710 Seleucidarum
1565 1638 1908 1711 ditionem
1975 1653 2450 1711 accesserunt
2504 1639 2832 1713 civitates

757 1776 1006 1848 Asiae·
1039 1776 1356 1850 Minoris.
1468 1771 1881 1849 Antiochus
1936 1777 1998 1847 II
2054 1777 2289 1861 Deus,
2321 1752 2832 1874 (zoi—246),

754 1915 1108 2010 Syrorum
1165 1939 1326 2001 rex,
1381 1914 1461 1987 iis
1515 1915 1950 2009 popularem
2006 1928 2274 1986 statum
2332 1915 2833 2015 (δημοκρατίαν)

755 2052 1148 2126 restituisse
1195 2053 1512 2139 videtur,
1551 2052 1718 2126 vide
1761 2054 2124 2125 DITTENB.
2172 2055 2435 2150 Syllog.
2489 2078 2512 2124 1
2535 2074 2616 2142 71
2651 2112 2667 2138 ‚
2707 2055 2832 2126 ubi

755 2194 849 2264 de
899 2192 1216 2265 Seleuco
1264 2193 1328 2263 II
1367 2192 1835 2290 (246—226)
1865 2192 2212 2287 scriptum
2244 2192 2615 2265 videmus:
2677 2196 2832 2287 „nal

756 2333 1164 2434 ἐβεβαίωσεν
1212 2340 1309 2429 τῷ
1344 2332 1540 2428 δήμῳ
1579 2334 1702 2429 τὴν
1744 2334 2140 2427 αὐτονομίαν
2180 2333 2290 2403 καὶ
2327 2330 2830 2429 ὃημοκρατίαν’”.

760 2469 984 2543 Anno
1054 2492 1186 2561 133
1247 2494 1311 2542 a.
1371 2468 1535 2542 Chr.
1593 2494 1660 2540 n.
1718 2467 1901 2541 Asia
1958 2468 2200 2541 Minor
2252 2493 2297 2540 a
2353 2467 2705 2540 Romanis
2761 2467 2831 2539 in

758 2608 1178 2703 provinciae
1234 2608 1540 2678 formam
1598 2607 1904 2678 redacta
1958 2620 2089 2678 est.

862 2747 1142 2818 Urbem
1215 2747 1663 2839 Pergamum
1720 2743 2056 2848 omnibus
2108 2744 2215 2817 his
2270 2769 2510 2817 rerum
2564 2743 2834 2817 vicissi-
2892 2768 2898 2773 ·

757 2883 1128 2957 tudinibus
1180 2883 1598 2979 implicitam
1653 2882 1871 2956 fuisse
1926 2882 2305 2956 verisimile
2361 2897 2488 2958 est.

824 3220 1121 3278 ¹)ARR1AN.
1155 3219 1244 3271 111,
1279 3223 1335 3272 6,
1371 3224 1424 3278 8³
1457 3221 1572 3271 vn,
1609 3235 1695 3278 23.
1736 3235 1775 3265 1.
1833 3210 1835 3214 ’

821 3316 857 3375 ²)
892 3320 1153 3364 DITTENB.
1197 3319 1243 3369 1,
1288 3331 1399 3374 114:
1467 3318 1645 3372 „Lapis
1687 3319 1909 3362 inventus
1955 3323 2065 3360 octo
2110 3316 2329 3360 miliariis
2360 3314 2576 3370 Anglicis
2608 3315 2671 3357 ab
2718 3315 2837 3357 urbe

760 3416 1019 3471 Pergamo,
1066 3414 1150 3457 ubi
1198 3414 1344 3458 situm
1391 3420 1491 3457 erat
1535 3413 1848 3457 Gambreum.
1914 3412 2001 3456 Ed.
2048 3412 2248 3456 Fellows
2291 3412 2398 3456 Itin.
2429 3411 2513 3454 As.
2548 3410 2662 3453 min.
2696 3404 2742 3466 p'.
2778 3423 2837 3465 30

756 3509 884 3569 (inde
932 3512 1117 3555 BocKH
1182 3510 1235 3555 C.
1270 3512 1303 3554 1.
1338 3510 1395 3555 G.
1444 3510 1596 3568 3561).
1664 3510 1857 3554 Plenius
1907 3509 2152 3565 exscripsit
2196 3510 2264 3552 M.
2310 3507 2552 3564 Georgin,
2599 3506 2737 3550 cuius
2781 3520 2839 3550 ex

758 3608 1040 3664 apographo
1086 3609 1160 3651 ed.
1211 3607 1271 3651 A.
1308 3607 1676 3664 Papadopulos,
1726 3607 1949 3650 Bulletin
1998 3612 2053 3649 de
2106 3604 2240 3649 Corr.
2275 3604 2408 3649 Hell.
2439 3604 2461 3647 Ι
2491 3603 2649 3662 (1877)
2680 3616 2727 3659 p.
2763 3615 2837 3660 54.

756 3689 880 3753 Θεὸς
920 3694 1053 3763 τύχη
1104 3695 1316 3763 ἀγαθή.
1363 3691 1729 3752 Βασιλεύοντος
1766 3685 2127 3762 Ἀλεξάνδρου,
2174 3687 2274 3744 ἔτει
2303 3688 2601 3754 ἑνδεκάτωι,
2637 3692 2839 3743 Μενάν-

758 3788 880 3858 δρου
911 3792 1339 3860 σατραπέυοντος,
1374 3790 1454 3842 ἐπὶ
1486 3791 1757 3862 πρυτάνιος
1785 3782 2079 3860 Ἰσαγόρου,
2115 3790 2372 3858 Κρατεύας
2402 3780 2839 3859 ἔδωκενἈριστο-

758 3888 889 3956 μένει
922 3893 1023 3957 ’γῆν
1054 3885 1208 3957 ψιλὴν
1239 3884 1394 3959 ἀγρὸν
1424 3886 1685 3940 ἐποικίσαι
1715 3884 1840 3957 πρὸς
1861 3893 1953 3937 τῶι
1976 3892 2134 3957 φυτῶι
2156 3884 2239 3937 ἐπὶ
2265 3886 2499 3956 Κρατεύα
2518 3886 2837 3956 φυτευθέντι.

759 3984 784 4037 ‘o
830 3982 887 4038 δὲ
928 3983 1200 4055 περίβολός
1242 3984 1375 4037 ἐστιν
1419 3990 1510 4044 τῆς
1551 3990 1648 4055 ’γής
1682 3982 1877 4057 σπόρου
1913 3985 2113 4054 κύπρων
2145 3980 2325 4035 ἑκατὸν
2360 3979 2721 4054 ἑβδομήκοντα
2751 3982 2840 4063 και

757 4080 1005 4136 ὁικόπεὸα
1047 4081 1134 4133 καὶ
1169 4089 1350 4142 κῆπος.
1397 4080 1539 4152 φόρος
1581 4079 1639 4135 δὲ
1681 4086 1772 4134 τοῦ
1817 4085 1978 4139 κήπου
2022 4085 2248 4153 χρυσοῦς
2289 4079 2503 4132 ἕκαστον
2547 4070 2839 4131 ἐνιαυτὸν.”

3461 1222 3462 1233 s
3439 1060 3463 1183 *ks*
