3469 5063
1615 435 1702 513 77

1527 621 1793 691 XXIII.

724 794 965 865 Valer.
1050 794 1347 865 Maxim.
1400 794 1565 877 VII,
1628 817 1662 864 2
1725 794 1886 865 Ext.
1941 794 1978 891 ξ
2046 818 2134 866 10
2191 795 2386 892 (edit.
2447 796 2690 867 Halm.

636 931 852 1029 1865)
925 956 971 1003 a
1043 932 1349 1005 caritate
1422 931 1614 1004 istud
1668 944 1883 1026 pater
1939 955 2124 1004 avus
2180 957 2225 1003 o
2281 932 2654 1027 Philippus
2675 991 2690 1019 ‚

621 1070 894 1143 maiore
950 1096 1044 1143 ex
1097 1086 1308 1166 parte
1368 1084 1740 1143 mercator
1787 1068 2155 1142 Graeciae
2186 1096 2404 1164 quam
2436 1072 2691 1144 victor.

722 1211 846 1283 Sic
903 1212 1434 1284 restituendum
1483 1224 1632 1284 est:
1679 1210 2125 1282 auctoritate
2156 1210 2350 1289 istud
2380 1224 2691 1304 paterna

618 1349 909 1421 vetuisti
929 1400 953 1434 ‚-
1002 1374 1047 1420 o
1104 1349 1474 1443 Philippe,
1534 1348 1688 1443 ipse
1747 1348 2025 1419 maiore
2083 1364 2220 1420 etc.

1514 1529 1788 1601 XXIV.

720 1701 962 1772 Valer.
1020 1702 1313 1772 Maxim.
1373 1702 1518 1786 IX,
1587 1724 1668 1771 12
1731 1702 1985 1799 Ext.-§
2042 1726 2106 1791 3.

721 1839 895 1909 Non
987 1810 1312 1932 vulgaris
1402 1839 1621 1910 etiam
1717 1839 2034 1910 Homeri
2122 1839 2376 1911 mortis
2462 1864 2686 1911 causa
2731 1918 2736 1919 ff

613 1978 873 2062 fertur,
938 1978 1061 2072 qui
1117 1976 1186 2048 in
1241 1976 1510 2063 insula,
1568 1977 1738 2073 quia
1794 1977 2298 2072 quaestionem
2356 2002 2401 2049 a
2455 1977 2686 2072 pisca—

614 2116 895 2188 toribus
975 2116 1296 2210 positam
1378 2117 1666 2188 solvere
1743 2142 1889 2188 non
1962 2119 2353 2212 potuisset,
2427 2117 2684 2189 dolore

613 2254 1053 2348 absumptus
1100 2254 1437 2326 creditur.

718 2393 895 2464 Post
950 2393 1394 2464 vocabulum
1451 2393 1683 2463 insula
1741 2393 2204 2464 inserendum
2263 2407 2409 2464 est:
2481 2395 2577 2463 [ο.

1526 2574 1767 2646 XXV.

716 2749 866 2818 Het
921 2775 1109 2820 vuur
1161 2749 1219 2820 is
1274 2748 1366 2842 bij
1428 2747 1843 2820 Heraclitus
1899 2771 2096 2841 geen
2152 2747 2495 2842 symbool
2549 2748 2681 2818 der

610 2885 906 2956 uiterste
961 2884 1584 2980 bewegelijkheid.

1505 3065 1774 3135 XXVI.

708 3240 864 3311 Ten
959 3240 1308 3311 onrechte
1390 3239 1715 3310 beweert
1798 3236 2346 3332 Olle-Laprune
2432 3239 2675 3331 (Essai

606 3403 730 3449 sur
811 3377 1142 3450 Aristote
1223 3402 1291 3471 p.
1375 3398 1411 3466 7
1490 3401 1581 3447 en
1661 3377 1777 3470 8),
1851 3377 1981 3448 dat
2033 3376 2472 3448 Aristoteles
2529 3377 2673 3447 den

604 3529 786 3586 term
842 3519 1025 3590 δοκεῖ
1072 3515 1289 3587 enkel
1342 3516 1486 3586 dan
1543 3514 1927 3609 gebruikt‚
1975 3515 2082 3587 als
2129 3514 2217 3601 hij
2265 3539 2453 3586 voor
2490 3538 2672 3586 eene

607 3651 949 3745 meening
1021 3678 1216 3748 geen
1290 3652 1497 3748 partij
1572 3653 1804 3738 trekt‚
1859 3654 1989 3724 dat
2044 3656 2227 3726 δοκεῖ
2275 3653 2414 3725 dus
2469 3653 2674 3725 nooit

604 3789 669 3858 in
764 3790 904 3860 den
996 3791 1108 3862 zin
1198 3816 1346 3863 van
1432 3796 1741 3890 φαίνεται
1821 3792 2212 3863 voorkomt
2293 3814 2384 3862 en
2467 3791 2674 3862 nooit

603 3926 963 3999 evidentie
1019 3928 1360 4001 uitdrukt.

1460 4109 1836 4117 --——-———-——-
