3469 5063
1766 461 1856 526 32

772 644 1236 741 oppidulum,
1283 668 1519 739 prope
1574 644 1893 716 Pontum
1924 643 2307 715 Euxinum.
2383 644 2500 715 De
2540 643 2848 717 nominis

774 784 1021 879 oppidi
1093 784 1328 857 forma
1400 809 1547 856 non
1622 796 1915 856 constat
1986 807 2228 878 neque
2299 782 2485 854 inter
2557 783 2851 856 codices

775 949 1015 1019 neque
1069 923 1256 996 inter
1309 948 1553 996 rerum
1610 922 2028 1016 scriptores
2110 921 2508 994 Probabile
2538 936 2652 994 est
2687 947 2850 994 eam

774 1063 995 1134 fuisse
1052 1067 1144 1159 „42
1201 1058 1417 1141 Τίος.”

880 1198 1209 1273 Nominis
1280 1198 1479 1272 urbis
1549 1199 1833 1271 formae
1907 1222 2100 1293 quae
2173 1211 2426 1270 extant
2492 1211 2697 1270 sunt:
2779 1204 2854 1271 το

776 1339 1013 1433 Τῖον,
1059 1344 1105 1436 ἡ
1155 1336 1388 1431 Τίος,
1434 1340 1507 1408 τὸ
1559 1336 1885 1409 Τίειον.
1995 1336 2733 1431 ApudSTRABONEM
2773 1337 2849 1410 C.

775 1503 843 1571 p.
881 1499 1066 1568 542,
1120 1499 1188 1569 p.
1252 1495 1437 1567 543,
1492 1500 1559 1569 p.
1624 1480 1765 1567 565
1828 1478 1902 1546 τὸ
1956 1474 2394 1570 Τίειον,’5οἀ
2450 1474 2527 1546 C.
2584 1500 2652 1569 p.
2706 1498 2847 1567 544

775 1623 896 1711 τῆς
951 1613 1106 1686 Τὶου
1147 1612 1597 1713 (emendavit
1626 1614 2038 1686 Kramerus
2066 1637 2202 1707 pro
2233 1613 2439 1710 Τηίου
2470 1613 2556 1686 cf.
2587 1615 2852 1687 Pomm.

776 1753 1067 1837 XXVI,
1144 1758 1226 1834 6,
1310 1773 1370 1841 7.
1479 1751 1716 1849 Τήϊον,
1791 1752 1917 1824 ubi
1988 1751 2393 1846 legendum
2468 1766 2580 1825 est
2644 1752 2850 1849 Τῖον).

777 1890 1051 1963 Strabo
1072 1889 1419 1963 Fortasse
1449 1914 1777 1963 errorem
1810 1888 2169 1962 commisit
2194 1889 2586 1962 scribendo
2616 1889 2854 1981 Τίειον;

775 2028 917 2101 alio
988 2028 1159 2100 loco
1234 2027 1341 2126 (C.
1414 2054 1483 2123 p.
1560 2033 1651 2100 62
1666 2025 1740 2124 3)
1814 2027 2113 2122 quidem
2196 2041 2503 2122 usurpat
2582 2053 2854 2100 nomen

776 2166 1051 2261 gentile
1094 2165 1328 2245 Τιανός
1360 2166 1540 2263 (quo
1569 2167 1739 2238 loco
1761 2166 2059 2239 codices
2080 2166 2365 2240 fluitant
2384 2167 2572 2240 inter
2588 2167 2859 2241 formas

780 2304 1122 2400 ,,Τιανεύς,
1152 2302 1449 2398 Τιαννός,
1478 2302 1738 2398 Τιανός,
1768 2304 2054 2386 Τυανεύς
2073 2301 2145 2401 1).
2176 2306 2328 2378 Sed
2357 2330 2402 2378 a
2432 2330 2619 2379 voce
2641 2304 2855 2377 Τίειον

780 2442 1260 2515 derivandum
1316 2454 1431 2513 est
1483 2465 1750 2512 nomen
1789 2442 2066 2535 gentile
2106 2440 2377 2521 Τιειεός.
2471 2440 2861 2513 Confundit

777 2583 1087 2653 fortasse
1129 2579 1433 2651 STRABO
1487 2578 1686 2650 urbis
1741 2602 2010 2649 nomen
2069 2602 2234 2650 curn
2292 2579 2598 2671 templo,
2637 2601 2682 2648 a
2720 2577 2856 2648 Tio

782 2716 1160 2789 conditore
1216 2713 1415 2787 urbis
1469 2714 1850 2799 dedicatO,
1908 2715 2113 2810 quod
2166 2715 2518 2809 templum
2546 2729 2860 2788 vocatur

781 2854 1016 2926 Τίειον.
1090 2852 1279 2924 Vide
1337 2853 1822 2925 STEPHANUM
1878 2854 2389 2925 BYzANTINUM
2443 2878 2497 2927 s.
2528 2880 2592 2925 v.
2675 2853 2857 2934 Τίοςε

786 2993 1018 3086 ,,πο’λις
1090 2990 1559 3088 Παφλαγονίας
1625 2999 1741 3063 τοῦ
1795 2991 2050 3064 Πόντου
2108 2995 2241 3064 ἀπὸ
2295 2990 2448 3063 Τίου
2508 2994 2735 3091 ἱερέως
2788 2992 2862 3061 τό

784 3131 966 3224 γένος
1002 3125 1340 3223 Μιλησίου
1378 3133 1468 3208 ὡς
1507 3126 1753 3200 Φίλων.
1811 3128 2256 3231 Δημοσθένης
2284 3124 2411 3199 δ’ἐν
2440 3125 2864 3205 Βιθυνιακοῖς

772 3261 951 3371 9’φησι
1017 3275 1284 3368 κτιστὴν
1354 3280 1475 3369 τῆς
1544 3276 1806 3354 πόλεως
1876 3275 2190 3371 γενέσθαι
2263 3272 2571 3369 Πάταρον
2599 3319 2602 3324 -
2627 3272 2863 3342 ἑλόντα

786 3409 1256 3506 Παφλαγονίαν
1322 3411 1434 3481 καὶ
1497 3413 1570 3481 ἐκ
1635 3418 1749 3481 τοῦ
1812 3418 2006 3503 τιμᾶν
2070 3414 2180 3481 τον
2237 3408 2364 3480 Δία
2417 3406 2568 3478 Τίον
2623 3432 2864 3504 προσα-

786 3554 1115 3647 γορεῦσαι.
1199 3544 1559 3643 Μέμνηται
1637 3547 1747 3616 καὶ
1819 3543 2166 3624 Μένιππος
2247 3549 2316 3616 ἐν
2397 3542 2864 3639 Παφλαγονίας

852 3843 886 3902 ¹)
918 3843 1062 3897 Quod
1107 3856 1284 3887 nomen
1317 3843 1495 3900 gentile
1525 3843 1794 3887 derivatum
1827 3849 1898 3888 est
1929 3855 1958 3887 a
1991 3832 2164 3883 Τύανα
2185 3870 2198 3894 ,
2243 3841 2399 3898 patria
2440 3839 2689 3896 Apollonii
2720 3838 2866 3883 illius.

792 3940 913 3984 Vide
956 3939 1153 3984 STEPH.
1202 3940 1318 3984 BYz.
1365 3953 1402 3984 s.
1435 3954 1478 3984 v.
1511 3927 1579 3982 τὰ
1623 3920 1845 3981 ’Τύαναε
1882 3927 2065 3993 ,,πὸλις
2095 3927 2221 3997 μέση
2259 3923 2490 3986 Κιλικίας
2519 3928 2606 3977 καὶ
2640 3931 2864 3977 Καππα-

788 4025 965 4085 δοκίας
995 4026 1393 4079 ὑποπεπτωκυῑα
1423 4032 1494 4096 τῷ
1525 4026 1709 4096 Ταύρῳ
1741 4020 1812 4096 τῷ
1844 4023 1977 4077 κατὰ
2000 4023 2091 4083 τὰς
2115 4022 2346 4084 Κιλικίας
2368 4022 2524 4083 πύλας
2545 4031 2557 4042 ·
2594 4021 2641 4074 οἱ
2664 4021 2865 4074 πολῖται

790 4130 999 4182 Τυανεῐς
1043 4121 1108 4182 ὡς
1150 4113 1442 4183 Ἀδανεὶς”.
1511 4132 1582 4178 Cf.
1618 4132 1833 4176 STRABO
1868 4131 1924 4178 C.
1958 4145 2004 4187 p.
2039 4143 2145 4189 537.

3355 142 3364 146 ,

3415 438 3434 1057 -.eu-..rw
3400 0 3433 421 -Δ--ῌ
