3469 5063
1623 468 1702 536 15

619 653 1115 746 Wanderung
1196 652 1383 723 nach
1455 652 1587 723 der
1661 650 1882 729 Stadt
1951 652 2085 723 des
2169 651 2693 723 Kaikosthales

618 790 709 863 ist
803 790 916 862 ein
1000 789 1441 885 mythischer
1521 791 1785 862 Reflex
1864 790 1998 862 der
2071 788 2694 884 geschichtlichen

619 929 1070 1014 Thatsache‚
1172 930 1342 1001 dass
1423 929 1560 1001 das
1641 929 1810 1000 Blut
1889 929 2023 1000 der
2104 928 2489 1000 Aeaciden
2574 928 2698 1000 mit

620 1069 789 1139 dem
830 1066 1079 1139 Sohne
1134 1068 1268 1139 des
1305 1067 2118 1162 Macedonier-Konigs
2172 1067 2240 1138 in
2281 1068 2520 1163 Perga
2536 1090 2695 1140 mos

620 1205 869 1278 seinen
952 1204 1237 1300 Einzug
1317 1206 1669 1300 gehalten
1754 1206 1941 1277 hat.''
2077 1207 2311 1278 Recte
2403 1205 2694 1300 quidem

621 1370 785 1416 mea
841 1343 1183 1439 opinione
1237 1344 1541 1430 iudicat,
1581 1343 1928 1438 Pergami
1962 1345 2286 1416 fabulam
2326 1370 2695 1417 commen-

623 1497 770 1554 tam
824 1507 986 1555 esse
1043 1484 1141 1554 ad
1197 1482 1418 1555 filium
1474 1497 1548 1554 et
1604 1497 1949 1577 nepotem
1997 1483 2452 1579 Olympiadis
2506 1484 2694 1555 cele-

623 1622 963 1694 brandos.
1076 1621 1301 1712 Quod
1354 1622 1452 1693 ad
1518 1621 1842 1693 fabulam
1908 1621 2137 1716 ipsam
2193 1622 2542 1716 pertinet,
2599 1623 2693 1693 de

622 1786 712 1832 ea
767 1762 1233 1833 EUPHORION
1287 1775 1360 1832 et
1418 1762 1862 1834 PAUSANIAS
1899 1760 2086 1833 inter
2122 1786 2202 1833 se
2245 1760 2692 1833 dissentiunt.

624 1900 817 1971 Nam
895 1901 1096 1994 apud
1168 1900 1644 1972 PAUSANIAM
1725 1900 2098 1995 Telephus
2180 1912 2472 1994 pugnat
2526 1923 2689 1971 cum

621 2038 943 2124 Achille,
1019 2063 1331 2132 quorum
1405 2039 1710 2111 heroum
1786 2039 1910 2111 filii
1965 2053 2039 2111 et
2093 2053 2404 2134 nepotes
2461 2038 2693 2135 Eury-

619 2177 837 2271 pylus
891 2201 1057 2248 cum
1107 2176 1607 2271 Neoptolemo
1664 2191 1739 2249 et
1778 2177 2077 2272 Grynus
2114 2203 2277 2250 cum
2321 2178 2692 2271 Pergamo

622 2338 879 2386 manus
962 2328 1377 2386 conserunt.
1490 2315 1963 2387 EUPHORION
2019 2311 2070 2412 1)
2128 2330 2385 2387 contra
2441 2314 2690 2410 fingit,

621 2451 977 2549 Eurypyli
1058 2451 1274 2524 filium
1363 2478 1530 2526 cum
1614 2452 2085 2549 Neoptolemi
2167 2453 2311 2526 filio
2384 2453 2689 2527 societa-

618 2606 766 2664 tem
822 2591 1087 2665 iniisse.

728 2731 1154 2802 Narrationi
1193 2732 1738 2805 EUPHORIONIS
1770 2732 2095 2805 adulatio
2126 2733 2493 2828 quaedam
2522 2736 2691 2805 sub-

617 2882 730 2939 est
781 2893 968 2963 erga
1024 2868 1573 2955 Alexandrum,
1629 2870 2004 2942 dominum
2060 2871 2255 2944 orbis
2292 2885 2689 2954 terrarum,

618 3007 736 3078 cui
808 3008 1265 3101 propositum
1339 3008 1555 3080 fuerit
1627 3009 2116 3082 inveteratum
2191 3010 2436 3082 odium
2509 3010 2692 3083 inter

617 3144 995 3217 Orientem
1049 3159 1126 3217 et
1181 3145 1667 3219 Occidentem
1717 3148 2020 3242 placare
2068 3162 2145 3219 et
2181 3173 2222 3220 e
2265 3148 2690 3243 regionibus

615 3283 955 3358 Asiaticis
1036 3298 1111 3357 et
1192 3285 1596 3381 Europaeis
1677 3311 1903 3357 unum
1987 3311 2301 3381 regnum
2374 3287 2687 3363 efficere.

614 3424 799 3496 Cum
858 3425 1030 3498 olim
1089 3426 1512 3521 Eurypylus
1566 3439 1644 3497 et
1698 3425 2275 3520 Neoptolemus,
2330 3451 2465 3521 per
2501 3453 2690 3522 quos
2738 3453 2744 3458 ’

614 3560 795 3634 Asia
850 3577 923 3635 et
977 3564 1280 3659 Europa
1333 3563 1782 3650 indicantur,
1812 3565 2007 3636 bella
2061 3564 2246 3637 inter
2299 3589 2463 3638 sese
2517 3591 2687 3661 ges-

612 3696 904 3784 sissent,
959 3700 1026 3771 in
1083 3702 1247 3775 fatis
1276 3715 1474 3788 erat,
1524 3717 1604 3775 ut
1652 3703 1775 3776 filii
1805 3702 2107 3798 Grynus
2154 3717 2229 3775 et
2274 3704 2690 3799 Pergamus

614 3836 1013 3908 concordia
1063 3838 1249 3912 inter
1305 3865 1386 3914 se
1446 3841 1817 3915 coniuncti
1872 3841 2099 3914 vitam
2155 3843 2538 3938 degerent.

680 4139 713 4198 ¹)
749 4140 872 4185 Vide
904 4153 1054 4198 supra
1084 4154 1130 4197 p.
1168 4155 1238 4199 13.
