3469 5063
1587 529 1679 595 37

594 714 728 785 sed
756 726 1149 808 postquam
1184 712 1663 808 Lysimachus
1692 711 1914 783 vitam
1945 711 2183 786 amisit
2210 727 2287 784 et
2315 713 2672 787 Seleucus

596 878 640 923 a
694 853 1128 924 Ptolemaeo
1176 853 1535 923 Kerauno
1591 850 2000 923 trucidatus
2041 866 2189 936 est,
2218 851 2672 926 Philetaerus

595 990 743 1062 suis
813 989 1105 1084 legibus
1179 1014 1353 1062 usus
1426 989 1648 1062 fuisse
1701 985 1754 1083 1-)
1829 1002 1924 1060 εἴ·
1972 988 2041 1060 in
2127 990 2392 1073 turbis,
2478 1017 2670 1086 quae

597 1128 846 1222 paullo
921 1141 1096 1222 post
1164 1127 1349 1199 inter
1422 1127 1854 1200 Seleucidas
1928 1141 2003 1198 et
2077 1092 2403 1221 [agidas
2467 1143 2672 1201 ortae

596 1280 793 1351 sunt,
850 1265 919 1336 in
977 1266 1279 1338 castello
1336 1291 1472 1337 suo
1531 1264 1880 1337 mansisse
1927 1262 1978 1360 2)
2036 1265 2339 1339 videtur.

701 1405 881 1475 Erat
932 1404 1040 1497 vir
1092 1407 1414 1499 prudens
1460 1429 1550 1476 ac
1589 1418 1911 1486 astutus,
1946 1404 2068 1499 qui
2094 1430 2230 1499 pro
2261 1420 2672 1500 temporum

599 1544 1149 1638 opportunitate
1215 1569 1366 1615 rem
1421 1545 1740 1637 gerebat
1796 1558 1870 1614 et
1923 1542 2224 1638 privatis
2279 1544 2425 1616 suis
2480 1570 2673 1617 com-

600 1682 833 1754 modis
888 1674 1271 1755 se'rviebat.

704 1822 1126 1915 Permagno
1203 1822 1491 1895 Seleuci
1557 1822 1882 1894 cadaver
1935 1846 1981 1893 a
2035 1822 2463 1894 Ptolemaeo
2522 1824 2673 1895 Ke-

600 1984 830 2032 rauno
889 1960 1094 2067 emit,
1130 1961 1496 2055 ‘reliquias
1551 1959 1906 2033 cremavit
1959 1973 2035 2031 et
2088 1959 2367 2033 cineres
2395 1962 2493 2033 ad
2522 1961 2675 2033 eius

600 2098 821 2170 filium
853 2099 1300 2171 Antiochum
1340 2100 1641 2185 remisit,
1700 2125 1792 2172 eo
1825 2098 2125 2171 consilio
2154 2112 2237 2170 ut
2261 2099 2326 2170 in
2360 2100 2674 2193 gratiam

599 2253 674 2309 et
727 2238 1053 2309 favorem
1107 2241 1308 2333 apud
1362 2264 1530 2310 eum
1588 2239 1868 2311 veniret
1918 2236 1989 2334 3).

704 2377 816 2447 Ex
872 2376 1344 2470 inscriptione
1400 2377 1866 2471 Pergamena
1923 2346 2020 2447 n0.
2085 2400 2224 2469 245
2259 2373 2310 2473 4)
2349 2376 2675 2450 videmus

600 2541 770 2587 eum
855 2514 1364 2588 Pitanensibus
1454 2516 1591 2587 XL
1682 2516 1958 2589 talenta
2049 2516 2249 2589 dono
2349 2516 2675 2603 dedisse,

601 2653 864 2748 quibus
936 2679 1165 2749 agros
1238 2656 1597 2749 quosdam
1673 2680 1717 2726 a
1787 2654 2246 2751 Mytilenaeis
2313 2669 2675 2741 emerent,

601 2817 693 2863 ex
750 2819 899 2887 quo
952 2793 1341 2865 Philetaeri
1397 2793 1772 2866 consilium
1820 2808 2132 2888 apparet
2161 2793 2672 2867 auctoritatem

602 2955 809 3002 suam
866 2929 1374 3026 interponendi
1427 2932 1493 3003 in
1552 2931 2016 3003 finitimorum
2073 2931 2508 3026 oppidorum
2540 2958 2675 3005 res.

706 3068 1018 3163 Semper
1045 3069 1450 3142 officiosum
1471 3094 1551 3141 se
1571 3071 2003 3164 praestabat
2021 3094 2206 3164 erga
2225 3070 2678 3164 potentiores

603 3231 691 3277 ac
748 3206 880 3278 sibi
934 3208 1394 3302 propriores;
1433 3232 1723 3302 semper
1751 3206 2204 3302 temporibus
2231 3208 2680 3281 inserviebat

602 3344 828 3440 iisque
886 3345 1144 3418 callide
1201 3348 1568 3418 utebatur.
1625 3346 1702 3418 Si
1750 3346 1953 3440 quod
1979 3345 2047 3416 in
2078 3346 2323 3417 animo
2350 3346 2679 3418 habebat

668 3607 700 3666 ¹)
733 3607 951 3652 STRABo
984 3608 1038 3653 C.
1072 3621 1119 3664 p.
1154 3608 1277 3664 623:
1321 3596 1617 3658 ,,ἀπέστησε
1650 3592 1706 3646 τὸ
1743 3597 1932 3666 χωρίον
1970 3634 1981 3646 .
2026 3635 2037 3644 .
2077 3591 2204 3663 ὀρῶν
2241 3592 2525 3651 ἐπιτηὸεῐον
2557 3592 2678 3664 πρὸς

604 3691 933 3764 νεωτερισμόν
950 3684 997 3744 .”

668 3798 705 3852 ²)
740 3798 954 3843 STRABo
988 3800 1043 3844 C.
1090 3813 1134 3856 p.
1168 3801 1284 3858 623:
1319 3791 1596 3854 ,,τοιούτων
1628 3786 1700 3854 δε
1747 3787 1984 3860 θορύβων
2017 3785 2197 3852 ὄντων,
2233 3787 2484 3858 διεγένετο
2516 3792 2677 3860 μένων

606 3880 946 3955 (Φιλέταιρος)
986 3884 1069 3937 ἐπὶ
1113 3891 1203 3938 τοῦ
1238 3875 1544 3958 ἐρύματος.”

670 3990 704 4049 ³)
736 3992 963 4036 ΑΡΡΙΑΝ.
995 3993 1103 4038 Res.
1141 3994 1243 4044 Syr.
1278 3995 1351 4051 63.

669 4089 703 4148 ¹⁸)
735 4089 832 4133 Die
859 4090 1040 4134 Insclzr.
1072 4102 1115 4134 v.
1153 4090 1377 4148 Pergam.
1413 4094 1466 4133 n⁰
1499 4103 1589 4148 245
1622 4105 1663 4134 v.
1701 4104 1786 4146 44:
1821 4090 2008 4149 (fragm.
2041 4090 2113 4148 C.)
2145 4077 2362 4138 ῃὸὀντος
2404 4079 2473 4137 εἰς
2513 4083 2677 4129 ταῦτα

608 4173 909 4237 Πιταναίοις
952 4175 1038 4228 καὶ
1083 4174 1374 4246 Φιλεταίρου
1418 4175 1650 4228 τάλαντα
1693 4165 2141 4247 τεσσαράκοντα.”
