3469 5063
1759 480 1873 527 :·2

814 665 1113 761 gameni
1166 665 1380 759 regni
1437 688 1482 735 a
1537 661 2066 734 recentioribus
2130 685 2372 733 rerum
2419 660 2891 755 scriptoribus

816 805 1218 877 admodum
1274 801 1566 875 concise
1624 801 1892 873 tradita
1949 812 2093 884 est,
2159 800 2316 872 sive
2364 800 2568 905 quod
2614 798 2890 893 plurimi

816 943 1055 1015 fontes
1111 940 1615 1036 deperierunt,
1689 940 1846 1012 sive
1911 939 2114 1032 quod
2170 981 2268 990 —
2324 951 2404 1010 ut
2455 962 2682 1032 saepe
2738 939 2893 1009 fieri

813 1081 1005 1154 solet
1060 1123 1159 1131 --—
1215 1078 1610 1173 scriptores
1647 1078 1719 1148 in
1761 1075 2155 1148 maioribus
2185 1075 2600 1148 civitatibus
2628 1076 2895 1148 descri-

816 1220 1081 1292 bendis
1135 1218 1453 1290 minores
1508 1215 2026 1288 tantummodo
2077 1215 2606 1309 perstringunt.
2682 1313 2687 1318 ι

925 1358 1078 1429 Sed
1133 1356 1303 1428 inde
1361 1356 1459 1427 ab
1515 1379 1711 1426 anno
1780 1359 2012 1443 1878,
2069 1378 2219 1449 quo
2271 1351 2667 1425 Germania
2713 1340 2938 1447 opes'

819 1496 1165 1591 Pergami
1222 1496 1530 1566 obrutas
1584 1517 1844 1565 eruere
1903 1491 2181 1586 coepit,
2229 1492 2365 1564 viri
2403 1491 2602 1564 docti
2648 1493 2895 1563 denuo

821 1635 1079 1707 oculos
1135 1634 1204 1705 in
1261 1631 1639 1706 historiam
1694 1631 1907 1703 huius
1935 1629 2148 1725 regni
2178 1631 2667 1702 coniecerunt.
2726 1629 2897 1720 Qui—

821 1797 1115 1868 cunque
1189 1770 1560 1843 historiam
1633 1769 2060 1863 perplexam
2128 1782 2204 1840 et
2255 1781 2663 1840 tortuosam
2721 1768 2896 1839 Dia-

820 1912 1231 1983 dochorum
1287 1907 1608 2002 perlegit
1662 1920 1739 1978 et
1791 1931 1925 2001 per
1969 1906 2271 2001 aliquod
2307 1921 2602 2000 tempus
2628 1886 2698 1977 in
2728 1907 2897 1977 aula

821 2048 1459 2139 Pergamenorum
1544 2041 1954 2137 principum
2009 2057 2508 2116 commoratur
2559 2043 2897 2137 volupta-

822 2201 973 2257 tem
1031 2185 1401 2278 quandam
1456 2183 1804 2277 percipit,
1863 2197 1945 2256 ut
2000 2183 2244 2269 mileS‚
2301 2184 2426 2279 qui
2472 2199 2643 2279 post
2671 2185 2898 2256 multa

820 2339 896 2395 et
963 2322 1526 2395 innumerabilia
1579 2296 1776 2394 bella
1830 2337 2048 2417 gesta
2099 2324 2395 2395 tandem
2452 2325 2549 2395 ad
2603 2337 2898 2397 coetum

822 2461 1400 2558 propinquorum
1420 2460 1628 2555 pacis
1649 2460 2060 2557 quietisque
2076 2461 2473 2534 amantium
2494 2462 2899 2534 revertitur.

930 2603 1136 2672 Loco
1198 2600 1448 2671 caedis
1503 2613 1578 2670 et
1631 2624 2090 2671 venenorum
2139 2599 2549 2693 cuicunque
2606 2613 2901 2693 parato-

822 2765 1022 2819 rum,
1066 2739 1235 2810 loco
1285 2736 1743 2809 fallaciarum
1800 2736 2427 2833 artificiorumque
2493 2737 2900 2832 reperimus

818 2878 1022 2972 apud
1093 2875 1458 2971 principes
1512 2877 2029 2970 Pergamenos
2085 2877 2600 2962 concordiam,
2674 2876 2900 2971 pieta-

820 3032 1010 3101 tem,
1085 3039 1409 3087 amorem
1482 3014 1883 3087 fraternum
1952 3016 2182 3088 multo
2251 3016 2489 3111 magis
2545 3040 2769 3110 quam
2829 3015 2900 3085 in

818 3154 977 3227 aliis
1042 3154 1225 3226 aulis
1306 3153 1547 3248 regiis.
1667 3154 2041 3249 Principes
2122 3125 2567 3249 Pergameni
2644 3153 2899 3245 magni

826 3293 1021 3365 bello
1068 3307 1271 3375 sunt,
1322 3316 1457 3364 nec
1515 3290 1831 3364 minores
1874 3316 2102 3385 pace,
2145 3292 2368 3374 tales,
2416 3289 2539 3383 qui
2593 3287 2898 3360 consilio

824 3456 912 3503 ac
942 3429 1298 3524 sapientia
1342 3453 1495 3500 rem
1536 3427 1917 3522 publicam
1948 3451 2213 3522 regere
2244 3426 2576 3499 calleant.
2649 3426 2899 3497 Paene

824 3567 1128 3638 dixerim
1184 3590 1315 3638 eos
1370 3564 1839 3660 tranquillam
1912 3578 1987 3637 et
2058 3564 2419 3659 frugalem
2493 3563 2723 3636 vitam
2779 3565 2901 3636 de-

827 3705 1028 3797 gisse
1086 3703 1261 3775 civis
1317 3701 1701 3775 cuiusdam
1761 3683 2022 3775 divitis.

932 3841 1537 3935 Haudquaquam
1617 3840 1895 3913 artibus
1968 3856 2043 3912 et
2115 3839 2511 3935 disciplinis
2585 3856 2902 3914 ostenta—

826 3976 1045 4050 tionis
1092 4002 1320 4050 causa
1363 3978 1717 4050 favebant
1762 3979 1883 4051 vel
1930 4023 2027 4031 —
2077 3980 2279 4075 quod
2326 3981 2528 4073 apud
2576 3979 2902 4074 Lagidas

829 4130 905 4188 et
958 4115 1386 4188 Seleucidas
1441 4117 1736 4190 evenire
1794 4118 2087 4190 solebat
2141 4162 2237 4175 -—
2296 4143 2389 4190 eo
2446 4116 2785 4201 consili0,
2825 4134 2904 4189 ut
