3469 5063
1587 505 1694 570 ,29

610 690 904 763 insidias
957 703 1237 762 struere
1265 685 1336 785 1).
1448 688 1780 760 Auctore
1836 686 2062 782 igitur
2119 684 2435 759 Arsinoe
2485 686 2684 781 Lysi-

615 829 918 902 machus
956 826 1180 899 filium
1219 841 1396 898 natu
1435 824 1833 897 maximum
1880 824 2377 920 Agathoclem
2426 824 2495 895 in
2533 849 2685 896 car-

615 992 859 1039 cerem
907 967 1204 1039 ductum
1243 963 1589 1037 trucidari
1623 963 1845 1035 iubet.
1903 963 2378 1035 Ptolemaeus
2417 947 2687 1034 Cerau-

582 1129 786 1211 lnuS‚
844 1105 1205 1177 Arsinoes
1259 1103 1521 1188 frater‚'
1560 1103 1685 1197 qui
1729 1101 1917 1174 forte
1956 1101 2027 1173 in
2069 1099 2482 1197 Lysimachi
2519 1101 2688 1172 aula

614 1243 1087 1325 versabatur,
1143 1256 1304 1314 erat
1357 1241 1483 1336 qui
1539 1264 1762 1312 manu
1816 1264 1952 1312 sua
2007 1240 2081 1311 id
2140 1239 2383 1311 scelus
2428 1263 2686 1333 perpe-

615 1382 835 1453 travit
859 1378 930 1477 2).
1043 1380 1427 1476 Lysandra
1502 1378 1691 1450 filios
1766 1368 1860 1450 et'
1897 1377 2195 1450 fratrem
2250 1376 2691 1470 Agathoclis

616 1544 867 1591 secum
923 1519 1208 1591 habens
1262 1518 1360 1590 ad
1396 1517 1791 1590 Seleucum
1831 1485 2162 1611 profugit
2189 1511 2259 1611 3).
2337 1514 2482 1606 Qui
2520 1540 2687 1588 cum

617 1658 1078 1754 Babylonem
1152 1656 1666 1751 pervenissent
1737 1679 1782 1726 a
1859 1654 2176 1727 Seleuco
2199 1710 2214 1737 ,
2280 1667 2360 1724 ut
2413 1654 2688 1725 bellum

617 1810 875 1868 contra
932 1794 1457 1891 Lysimachum
1514 1792 1922 1887 susciperet
1976 1806 2051 1864 et
2106 1794 2418 1864 caedem
2483 1792 2691 1885 Aga-

617 1934 879 2009 thoclis
936 1933 1432 2017 ulcisceretur,
1471 1932 1842 2027 supplices
1878 1931 2435 2003 contenderunt.
2507 1930 2694 2002 Sero

619 2071 1099 2169 Lysimachus
1120 2072 1481 2166 cognovit
1500 2072 1570 2142 in
1592 2071 2062 2142 innocentem
2086 2069 2694 2142 animadvertisse

618 2224 694 2282 et
746 2224 1051 2305 propter
1106 2210 1416 2282 caedem
1474 2210 1544 2280 in
1602 2209 1776 2280 odio
1819 2232 1982 2280 esse
2019 2208 2223 2300 apud
2258 2179 2695 2301 Agathoclis

620 2349 922 2433 amicos,
951 2348 1076 2443 qui
1105 2348 1201 2419 ad
1231 2372 1457 2419 unum
1490 2371 1750 2418 omnes
1779 2370 1950 2418 eum
1980 2346 2463 2418 deseruerunt
2487 2341 2558 2440 l¹²).
2613 2345 2690 2415 In

616 2466 794 2560 Asia
851 2485 1159 2569 minore,
1222 2486 1347 2558 ubi
1386 2484 1588 2558 multi
1621 2482 2064 2580 Agathoclis
2101 2482 2409 2556 studiosi
2449 2497 2693 2568 erant,

617 2627 882 2699 seditio
937 2640 1196 2698 exorta
1251 2640 1363 2698 est
1419 2624 1837 2722 Lysimachi
1893 2623 2385 2706 subditorum,
2434 2620 2697 2716 quibus

621 2766 691 2837 in
748 2765 997 2837 animo
1053 2778 1213 2837 erat
1266 2765 1526 2858 iugum
1563 2776 1927 2835 excutere.
2006 2762 2259 2832 Duces
2289 2759 2696 2855 copiaeque

624 2903 1046 2999 Lysimachi
1101 2902 1198 2975 ad
1252 2901 1650 2973 Seleucum
1690 2900 2141 2972 defecerunt.
2215 2897 2698 2994 Lysimachus

622 3042 894 3113 diutius
949 3041 1049 3113 ibi
1087 3040 1355 3112 morari
1392 3065 1538 3111 non
1577 3038 1816 3134 potuit
1842 3033 1894 3134 5)
1932 3051 2007 3108 et
2044 3037 2291 3108 statim
2329 3035 2398 3106 in
2435 3036 2696 3107 Asiam

622 3179 926 3252 traiecit.
1013 3178 1372 3251 Seleucus
1424 3178 1754 3249 Taurum
1812 3191 2322 3269 transgressus
2379 3198 2547 3246 cum
2606 3197 2698 3244 eo

623 3319 984 3413 proelium
1086 3314 1455 3388 conseruit
1534 3315 1604 3386 in
1704 3314 1875 3385 Cori
1973 3294 2314 3408 planitieg
2397 3311 2465 3382 in
2549 3335 2699 3405 quo

626 3457 1108 3553 Lysimachus
1162 3455 1312 3550 pilo
1368 3453 1716 3525 traiectus
1773 3450 2125 3524 occubuit
2151 3447 2222 3546 6).

692 3699 725 3757 ι)
758 3700 988 3744 LUCIAN.
1006 3733 1016 3750 ‚
1047 3699 1307 3743 Icaromen.
1346 3710 1401 3754 15
1435 3697 1567 3747 dicit,
1601 3710 1649 3740 re
1681 3708 1796 3740 vera
1817 3694 2138 3752 Agathoclem
2163 3694 2212 3738 id
2234 3693 2487 3738 consilium
2509 3690 2704 3747 cepisse.

693 3795 728 3854 2)
762 3797 919 3840 PAus.
952 3797 998 3847 Ι,
1035 3798 1119 3846 16,
1153 3808 1206 3853 23
1241 3795 1493 3839 MEMNON
1527 3793 1617 3852 (Cf.
1651 3794 1881 3837 MiiLLER
1907 3792 1993 3849 fr.
2028 3792 2091 3836 H.
2132 3791 2185 3835 G.
2222 3792 2312 3842 111,
2343 3805 2391 3848 p.
2428 3790 2549 3847 532).

694 3893 730 3952 3)
762 3893 919 3937 PAUS.
953 3893 999 3944 1,
1037 3906 1115 3944 10,
1150 3907 1193 3948 4.

695 3991 730 4048 ¹⁰)
761 3990 831 4034 Cf.
868 3991 1115 4034 MEMNON
1150 3990 1180 4033 l.
1215 3989 1246 4033 1.

696 4088 730 4146 ⁵)
763 4088 922 4132 PAUS.
954 4087 1001 4136 Ι.
1038 4100 1120 4133 10.
1154 4098 1197 4143 5.

695 4185 730 4243 ⁸)
764 4186 858 4229 Die
887 4183 1185 4240 Insclzriften
1218 4197 1261 4228 v.
1297 4183 1567 4241 Pergamon
1601 4186 1655 4226 n⁰
1690 4195 1780 4239 245
1816 4196 1857 4226 v.
1891 4196 1976 4234 41:
2010 4169 2293 4232 ,,Σελευ’κου
2319 4177 2379 4241 τῇ
2407 4164 2529 4236 πρὸς
2558 4167 2715 4217 Λυσί-
