3469 5063
1622 535 1659 600 3

560 718 703 790 ·sic
759 716 974 788 aulae
1032 741 1273 789 mores
1328 731 1723 811 corruptos
1769 718 2367 814 depravatosque
2416 722 2700 792 obum·‘

603 857 936 937 brarent,
997 856 1130 928 sed
1183 880 1276 927 ex
1331 855 1548 927 animi
1604 855 1871 929 studi0.
2547 846 2554 851 ’

708 996 942 1079 Gaza,
998 1019 1043 1066 a
1099 992 1537 1090 Lysimacho
1593 994 2009 1066 Philetaero
2056 995 2294 1089 primo
2333 997 2678 1092 Pergami

601 1134 961 1229 dynastae
1043 1132 1466 1218 commissa,
1538 1134 1752 1228 large
1819 1133 1926 1206 usi
1989 1147 2176 1206 sunt.
2297 1133 2504 1208 Gaza
2558 1136 2678 1209 illa

598 1270 1086 1344 Philetaerum
1142 1272 1504 1366 dynasten
1559 1272 1855 1344 fecerat.
1922 1273 2103 1345 Post
2150 1274 2420 1346 bellum
2468 1300 2674 1369 pros·

602 1436 779 1505 pere
869 1424 1123 1483 contra
1190 1410 1447 1483 Gallos
1510 1424 1811 1508 gestum
1885 1411 2233 1505 patruelis
2307 1413 2468 1485 eius
2543 1413 2676 1485 At-

1 1533 4 1622 !
600 1550 793 1623 talus
847 1550 1138 1645 insigne
1195 1550 1486 1644 regium
1524 1550 1663 1622 sibi
1711 1550 2080 1645 imposuit.
2134 1553 2446 1624 ‘Nummi
2475 1554 2675 1624 haud

601 1689 813 1762 anxie
869 1691 1537 1773 conservabantur,
1575 1690 1709 1762 sed
1751 1689 2118 1785 principes
2164 1690 2245 1764 iis
2275 1693 2677 1764 utebantur

603 1828 699 1899 ad
753 1829 975 1899 urbes
1029 1840 1104 1898 et
1156 1851 1514 1921 personas
1569 1827 2076 1901 sublevandas
2133 1841 2209 1899 et
2235 1829 2674 1922 praesertim

603 1967 700 2038 ad
774 1965 1270 2072 mercenarios
1343 1966 1874 2038 conducendos
1956 1981 2031 2037 et
2111 1967 2676 2060 persolvendOS,

608 2129 922 2199 quorum
981 2126 1127 2197 ope
1184 2103 1380 2175 bello
1436 2119 1652 2197 parta
1707 2105 2122 2176 retinerent.

707 2244 903 2335 Quid
976 2243 1250 2314 multa?
1321 2245 1506 2315 haec
1570 2242 1722 2315 fere
1796 2258 2001 2328 sunt,
2066 2269 2260 2337 quae
2316 2219 2677 2330 indicant,

603 2384 868 2479 quibus
907 2383 1143 2456 causis
1192 2383 1466 2455 factum
1504 2382 1633 2468 sit,
1672 2398 1753 2454 ut
1780 2408 2095 2476 regnum
2123 2384 2676 2478 Pergamenum

604 2538 754 2596 tam
812 2522 935 2595 diu
991 2523 1340 2596 manserit
1385 2538 1460 2594 et
1501 2523 1596 2594 ad
1626 2548 1991 2595 summum
2020 2522 2358 2594 fortunae
2389 2522 2677 2595 culmen

604 2663 1059 2758 pervenerit:

718 2813 801 2872 10.
913 2801 1372 2874 Praestantia
1425 2801 1828 2897 principum
1886 2802 2083 2873 domi
2142 2801 2609 2895 militiaeque.

714 2951 806 3011 20.
916 2939 1335 3012 Concordia
1392 2939 1803 3011 aulicorum
1860 2938 2461 3032 propinquorum.

710 3091 804 3168 30.
915 3076 1305 3149 Aerarium
1362 3102 1833 3149 nummorum
1881 3076 2216 3170 plenum,
2247 3077 2451 3171 quod
2486 3075 2676 3169 prin-

602 3216 885 3312 cipibus
940 3217 1141 3288 bono
1196 3215 1327 3288 fuit
1378 3215 1447 3286 in
1505 3214 1975 3287 mercenariis
2031 3214 2552 3287 conducendis.

706 3363 804 3446 40.
912 3354 1309 3426 Prudentia
1364 3367 1441 3426 et
1494 3353 1761 3426 astutia
1814 3352 2222 3448 principum
2279 3353 2348 3423 in
2394 3366 2677 3446 tempo-

603 3496 803 3568 ribus
856 3493 1265 3567 serviendo.

715 3644 806 3725 50.
920 3631 1117 3706 Situs
1186 3632 1537 3727 Pergami
1607 3630 1844 3718 urbis,
1917 3632 2013 3703 ad
2095 3655 2319 3726 quam
2404 3630 2675 3701 multae

604 3771 769 3842 viae
827 3773 1318 3844 confluebant.

712 3914 809 3980 60.
919 3909 1247 3982 Ubertas
1302 3934 1677 4004 agrorum.

716 4060 809 4137 70.
919 4047 1343 4120 Mercatura
1397 4047 1644 4142 ampla
1684 4046 2123 4150 incolarum.
