3469 5063
1722 458 1815 523 62

732 655 1082 740 XXXIV,
1169 663 1300 746 84:
1389 660 1681 753 „plures
1761 661 2074 754 artffices
2128 663 2370 754 secere
2430 663 2687 734 Attali
2738 661 2806 737 et

728 794 1081 866 Eumenis
1133 796 1474 867 adversus
1528 798 1780 869 Gallos
1819 800 2107 892 proelia
2135 856 2150 885 ,
2207 801 2538 896 Isigonus
2558 858 2573 885 ,
2613 801 2802 896 Phy-

728 935 1144 1019 romaclzus,
1208 935 1696 1021 Stratom‘cm,
1755 937 2234 1033 Antzgonusff’

831 1073 981 1143 Iam
1027 1074 1427 1144 THR'aMER
1464 1072 1773 1168 primum
1812 1076 2266 1147 demonstrat
2303 1076 2539 1149 multis
2574 1076 2802 1173 iisque

725 1210 1167 1305 gravissimis
1222 1212 1711 1306 argumentis,
1772 1238 1890 1285 res
1943 1228 2206 1308 gestas
2242 1217 2339 1287 ab
2380 1216 2708 1288 Eumene
2740 1218 2803 1286 II

725 1363 985 1421 contra
1058 1350 1315 1422 Gallos
1387 1375 1532 1422 non
1609 1365 1759 1422 tam
1834 1352 2185 1424 memoria
2259 1352 2525 1448 dignas
2599 1379 2799 1440 esse,

724 1502 805 1559 ut
842 1487 1013 1560 artis
1050 1487 1533 1560 monumentis
1572 1489 1759 1561 tradi
1796 1491 2155 1563 deberent
2181 1488 2253 1589 1).
2325 1494 2796 1567 Probandum

723 1626 945 1720 igitur
999 1640 1140 1711 est,
1196 1626 1336 1698 iam
1393 1628 1797 1700 Eumenem
1853 1630 2179 1702 Icontra
2217 1630 2473 1703 Gallos
2512 1632 2798 1725 proelia

725 1764 1204 1850 commisisse,
1279 1765 1395 1837 cui
1465 1765 1784 1860 opinioni
1856 1768 2078 1839 modo
2143 1782 2515 1862 repugnat
2569 1769 2791 1849 ordo,

721 1904 789 1974 in
845 1929 995 1998 quo
1052 1904 1343 1975 nomina
1398 1903 1629 1975 Attali
1682 1917 1759 1975 et
1812 1887 2158 1976 Eumenis
2212 1930 2257 1976 a
2311 1904 2541 1977 Plinio
2599 1930 2793 1977 com-

723 2054 1236 2113 memorantur.
1293 2040 1487 2112 Nihil
1514 2041 1711 2112 dubii
1740 2040 2183 2135 relinquitur,
2221 2041 2393 2137 quin
2425 2042 2735 2114 Eumeni
2765 2043 2792 2113 I

719 2178 910 2250 Galli
964 2204 1264 2274 quoque
1321 2180 1627 2274 negotia
1680 2179 2215 2266 facessiverint,
2292 2179 2416 2276 qui
2467 2179 2635 2253 inde
2692 2184 2789 2254 ab

720 2343 915 2391 anno
973 2324 1147 2409 ‚278
1223 2343 1285 2389 a.
1361 2317 1525 2390 Chr.
1582 2333 1768 2402 nat.,
1853 2344 2004 2414 quo
2085 2321 2498 2414 Bosporum
2580 2320 2783 2393 traie-

720 2471 980 2529 cerunt
1005 2454 1095 2555 2),
1151 2456 1218 2527 in
1275 2456 1526 2529 Asiam
1597 2457 1954 2530 Minorem
2009 2457 2424 2552 irruperunt
2477 2484 2789 2554 eamque

716 2595 1143 2690 depopulati
1236 2609 1422 2667 sunt.
1534 2595 1759 2687 Quod
1828 2597 2303 2667 confirmatur
2396 2595 2512 2681 iis,
2596 2622 2788 2691 quae

643 2713 648 2718 ⁵
717 2735 1028 2806 STRABO
1104 2747 1354 2804 narrat
1424 2733 1499 2806 C.
1573 2758 1642 2827 p.
1724 2739 1869 2825 566
1894 2790 1909 2818 ‚
1983 2733 2326 2819 Galatas,
2391 2748 2786 2829 antequam

775 3086 810 3144 ι)
842 3087 1136 3137 ΤΗΚὲιΜΕΒ,
1172 3085 1255 3150 'die
1288 3086 1422 3144 Siege
1455 3086 1540 3130 der
1573 3087 1931 3144 Pergamener,
1963 3100 2010 3143 p.
2048 3100 2132 3143 19:
2183 3087 2380 3145 „Damit
2412 3088 2471 3132 ist
2502 3089 2627 3132 deun
2663 3089 2785 3131 auch

712 3184 790 3228 die
836 3185 1014 3239 Frage,
1065 3184 1129 3228 ob
1176 3183 1252 3226 die
1298 3195 1393 3226 von
1443 3182 1626 3228 Plinius
1670 3183 1946 3229 erwahnten
1995 3184 2206 3242 „proelia
2251 3183 2509 3229 Eumenis''
2544 3186 2593 3228 in
2625 3186 2786 3229 diesen

715 3282 865 3338 Krieg
902 3279 1157 3324 Eumenes'
1191 3280 1233 3323 11
1265 3279 1435 3329 fallen,
1479 3279 1769 3323 verneinend
1799 3281 2125 3325 beantwortet.
2189 3282 2281 3325 Ein
2314 3281 2503 3338 Sieger,
2549 3282 2632 3325 der
2649 3288 2787 3327 unter

710 3379 793 3421 der
822 3378 1089 3434 wuchtigen
1125 3376 1272 3420 Hand
1304 3376 1434 3420 eines
1468 3377 1797 3434 Machtigeren
1815 3410 1825 3429 ‚
1858 3378 1987 3421 nicht
2021 3390 2112 3421 nur
2145 3378 2230 3421 der
2260 3379 2436 3422 Frucht
2470 3379 2624 3424 seiner
2644 3378 2785 3434 Siege

708 3474 935 3531 verlustig
980 3473 1118 3531 geht,
1171 3473 1378 3518 sondern
1426 3486 1520 3518 von
1567 3473 1696 3518 einer
1744 3474 1880 3520 Stufe
1928 3475 2011 3518 der
2059 3475 2422 3533 Demfithigung
2470 3489 2552 3520 zur
2600 3477 2782 3520 andern

707 3571 1089 3616 hinabschreiten
1145 3584 1304 3622 muss,
1350 3570 1576 3615 wahrlich
1621 3572 1682 3615 da
1727 3571 1788 3614 ist
1833 3571 1943 3614 kein
1987 3571 2154 3615 Boden
2186 3572 2262 3615 ffir
2293 3573 2381 3616 das
2417 3573 2577 3629 Regen
2610 3587 2632 3617 s
2655 3587 2784 3629 eges-

708 3668 870 3712 froher
904 3668 1364 3726 Kunstthatigkeitss'

768 3765 885 3810 Item
919 3778 966 3821 p.
1000 3778 1028 3808 2
1032 3777 1086 3822 5:
1122 3766 1243 3824 „Die
1260 3765 1602 3822 geknechteten
1626 3764 1824 3810 Galater
1846 3765 2102 3810 Eumenes'
2126 3766 2167 3808 H
2188 3765 2400 3810 konnten
2422 3766 2505 3810 der
2523 3767 2780 3811 bildenden

709 3864 870 3906 Kunst
913 3862 1051 3906 keine
1100 3861 1430 3906 Seitenstiicke
1473 3875 1531 3908 zu
1569 3863 1714 3919 jenen
1759 3862 1929 3906 wilden
1960 3861 2209 3906 Gestalten
2238 3862 2423 3915 liefern,
2456 3863 2631 3908 welche
2662 3865 2781 3908 einst

708 3959 903 4004 Attalus
935 3960 955 4002 I
998 3960 1540 4016 gegeniibergestanden
1582 3972 1741 4003 waren
1786 3961 1885 4003 und
1919 3986 1978 3992 —
2010 3972 2117 4003 zum
2150 3962 2420 4005 aussersten
2451 3960 2687 4018 gedr‘angt
2721 3987 2776 3992 —

703 4057 788 4100 der
821 4055 1168 4100 Knechtsehaft
1198 4055 1275 4099 die
1307 4055 1786 4111 Selbstverniehtung
1818 4068 2112 4113 vorgezogen
2142 4056 2354 4100 hatten.''

769 4153 804 4212 2)
837 4154 962 4197 Vide
992 4167 1038 4210 p.
1073 4165 1157 4210 59,
1192 4166 1239 4196 n.
1277 4166 1316 4198 1.
