3469 5063
1763 484 1882 571 58'

770 689 1057 760 videtur
1135 712 1400 759 vocem
1483 688 1618 785 ἤδη
1674 684 2245 780 praetermisisse
2302 698 2377 756 et
2440 683 2838 766 censuisse,

770 827 1174 898 Eumenem
1255 829 1548 898 demum
1629 839 1801 920 post
1880 823 2236 919 proelium
2301 824 2503 917 apud
2571 822 2846 895 Sardes

769 965 1231 1038 commissum
1300 967 1485 1037 fines
1547 962 1977 1058 protulisse;
2047 965 2180 1035 sed
2235 987 2383 1034 non
2437 961 2537 1034 ita
2593 986 2710 1034 res
2764 986 2843 1034 se

766 1103 1030 1188 habet,
1103 1127 1270 1175 nam
1342 1104 1512 1175 loca
1585 1101 1996 1174 circumsita
2068 1102 2437 1172 Eumenes
2501 1100 2531 1171 Ι
2587 1099 2655 1171 in
2711 1124 2845 1171 sua

766 1256 1138 1335 potestate
1217 1240 1471 1313 habuit
1506 1238 1562 1333 1)
1643 1240 1813 1312 inde
1896 1241 1993 1312 ab
2073 1238 2351 1311 Attalia
2432 1264 2666 1333 usque
2747 1241 2845 1310 ad

768 1379 1291 1452 Philetaeriam.
1374 1379 1610 1471 Quem
1638 1377 2051 1451 Antiochus
2079 1402 2171 1450 eo
2204 1377 2502 1451 consilio
2532 1401 2843 1472 aggres-

766 1543 891 1591 sus
944 1533 1093 1601 est,
1153 1533 1236 1590 ut
1289 1544 1456 1591 eum
1511 1518 1579 1589 in
1637 1520 1858 1604 fines,
1923 1542 2112 1612 quos
2167 1519 2617 1612 Pergamum
2676 1515 2840 1588 olim

764 1658 1129 1744 habebat,
1185 1657 1592 1753 repelleret.
1687 1656 2098 1728 Antiochus
2153 1681 2230 1728 re
2271 1681 2436 1727 cum
2482 1655 2840 1751 Aegypto

764 1795 1172 1890 composita
1229 1805 1457 1886 (anno
1519 1802 1658 1885 263
1721 1820 1784 1866 a.
1843 1794 2006 1867 Chr.
2063 1797 2244 1887 nat.)
2301 1793 2541 1866 statim
2583 1807 2841 1866 contra

766 1934 1175 2005 Eumenem
1229 1934 1420 2005 hanc
1476 1933 2015 2028 expeditionem
2054 1932 2262 2018 fecit,
2310 1933 2444 2004 sed
2479 1931 2715 2004 victus
2743 1934 2842 2003 ad

768 2072 1040 2145 Sardes
1096 2071 1410 2145 recessit.
1513 2073 1726 2144 Haec
1782 2071 2086 2144 victoria
2141 2070 2386 2143 incidit
2441 2071 2511 2142 in
2568 2096 2838 2144 annum

771 2217 911 2283 262
973 2236 1036 2283 a.
1095 2211 1259 2284 Chr.
1316 2226 1458 2284 nat;
1545 2211 1955 2284 Antiochus
2009 2212 2038 2281 I
2095 2210 2316 2283 Soter
2369 2211 2617 2305 paullo
2672 2226 2841 2306 post

765 2374 807 2419 e
874 2350 1025 2422 vita
1077 2351 1407 2425 decessit.
1522 2351 1691 2443 Quo
1747 2352 2128 2425 interfecto
2194 2375 2508 2446 regnum
2564 2350 2838 2442 Perga-

766 2514 1056 2562 menum
1113 2492 1209 2563 ab
1266 2490 1529 2563 infesto
1584 2492 1797 2564 hoste
1851 2489 2237 2562 liberatum
2292 2502 2423 2562 est.

870 2625 1318 2700 Antiochum
1347 2629 1410 2698 II
1441 2630 1683 2699 Deum
1716 2630 2222 2726 (261—246),
2252 2626 2374 2721 qui
2403 2626 2777 2696 Antiocho
2808 2625 2837 2693 I

764 2765 1149 2852 successit,
1206 2767 1576 2839 Eumenes
1632 2791 1779 2837 non
1837 2779 2225 2860 tantopere
2281 2764 2600 2836 timebat.
2711 2763 2837 2834 Ille

764 2904 956 2975 enim
1030 2919 1177 2976 tam
1254 2905 1445 2977 male
1518 2930 1670 2977 rem
1725 2930 1937 2978 suam
1993 2906 2264 2999 gessit,
2323 2918 2405 2975 ut
2456 2916 2629 2997 post
2682 2902 2839 2974 eius

765 3056 1072 3115 mortem
1146 3069 1459 3139 regnum
1530 3043 1915 3141 Syriacum
1970 3043 2038 3115 in
2094 3068 2376 3116 summo
2432 3040 2837 3114 discrimine

765 3196 1200 3254 versaretur.

869 3322 986 3392 De
1070 3320 1402 3393 Eumene
1485 3335 1560 3393 et
1641 3323 1734 3394 de
1818 3346 2055 3416 regno
2137 3323 2604 3415 Pergameno
2675 3318 2841 3390 nihil

762 3471 1150 3552 praeterea
1221 3458 1528 3531 traditur
1580 3484 1815 3554 usque
1870 3462 1967 3531 ad
2021 3484 2292 3530 annum
2354 3465 2497 3549 246
2559 3482 2623 3529 a.
2673 3456 2836 3528 Chr.

766 3668 1178 3675 ..κ-,Ἦ

824 3796 859 3855 ¹)
893 3797 1145 3853 Perperam
1182 3799 1434 3849 ΚόΗιΕΒ,
1466 3798 1544 3842 die
1585 3798 1865 3857 Gric'ndung
1894 3798 1974 3842 des
2012 3797 2331 3856 Kb'nigreiclzs
2364 3798 2659 3857 Pergamon,
2699 3812 2744 3854 p.
2781 3812 2836 3855 3:

763 3894 990 3952 „Welche
1033 3895 1108 3938 die
1151 3893 1372 3938 Grenzen
1416 3895 1499 3938 der
1541 3894 1968 3951 pergamenischen
2001 3894 2279 3940 Herrschast
2309 3908 2466 3939 waren
2499 3908 2581 3940 zur
2612 3895 2839 3946 Zeit,·als

761 3990 952 4035 Attalos
995 3990 1203 4035 dieselbe
1234 3992 1391 4042 erbte,
1435 3996 1693 4048 vermogen
1725 3992 1809 4035 wir
1842 3992 1974 4036 nicht
2006 3994 2309 4050 anzugeben3
2359 3992 2514 4037 sicher
2547 3992 2719 4036 teichte
2751 3993 2838 4036 das

762 4088 1047 4145 zugehorige
1119 4088 1292 4132 Gebiet
1366 4089 1495 4133 nicht
1561 4089 1667 4133 weit
1729 4091 1849 4133 iiber
1913 4089 1990 4133 die
2055 4089 2348 4147 Umgebung
2411 4104 2505 4134 von
2569 4089 2837 4145 Pergamon

764 4185 981 4230 hinauS.''
